2007 3620
331 279 475 349 An
511 278 1040 349 FAMILIARES
1062 281 1236 352 Lm.
1266 279 1362 352 II.
1433 290 1539 374 '49

156 391 486 477 quidquam
540 409 604 455 te
650 389 881 454 absente
936 390 1065 454 fieri
1094 436 1117 469 ‚
1167 395 1327 477 quod
1379 397 1483 457 tibi
1517 442 1543 473 ,

240 497 350 556 um
378 472 630 540 veniss'es
649 518 669 549 ,
701 493 824 535 non
856 471 994 535 effet
1023 475 1144 551 inte
1188 496 1332 537 rum.
1368 475 1539 559 Equi-

198 577 303 617 em
358 555 503 637 quid
557 552 798 617 sentiam
830 597 852 629 ‚
901 572 1001 616 aut
1058 554 1162 616 scri
1207 572 1300 616 am
1352 557 1438 617 ad'
1475 575 1538 620 te

157 635 371 732 postea
402 635 659 718 pluribus
678 676 701 708 ,
727 651 825 694 aut
844 678 864 706 ‚
900 654 974 696 ne
1007 635 1082 696 ad
1109 656 1180 698 ea
1202 637 1486 701 meditere
1512 684 1534 715 ‚

158 734 520 798 imparatum
564 732 626 777 te
666 711 962 776 offendam
978 760 999 790 ‚
1044 717 1357 799 corimque
1398 738 1546 779 con-

162 813 257 858 tra
297 795 464 857 istam
493 798 785 865 rationem
806 839 826 869 ,
864 816 1058 857 meam
1089 797 1313 872 dicam;
1342 815 1409 859 ut
1443 816 1542 863 aut

166 892 232 937 te
282 879 344 936 in
397 895 598 937 meam
649 874 992 938 sententiam
1047 877 1330 938 adducam
1356 924 1377 953 ,
1439 897 1541 942 aut

166 959 330 1020 certe
372 954 645 1019 testatum
683 956 836 1037 apud
877 960 1134 1018 animum
1165 975 1337 1019 tuum·
1362 960 1540 1019 relin-

246 1058 350 1098 am
388 1081 408 1111 ‚
472 1037 611 1118 quid
663 1035 930 1097 senserim
970 1059 989 1110 ;
1045 1055 1110 1099 ut
1141 1082 1163 1112 ,
1206 1041 1254 1098 si
1302 1039 1541 1120 quando

164 1058 408 1200 Zuquod
444 1117 637 1177 nolim
671 1115 700 1200 )
751 1116 1047 1199 displicere
1094 1118 1199 1178 tibi
1232 1120 1541 1180 consilium

166 1216 336 1260 tuum
394 1199 648 1279 coeperit
681 1242 703 1273 ,
802 1200 1184 1259 ossis-meum
1230 1200 1545 1263 recordari-

171 1277 353 1341 Brevi
392 1296 595 1339 tamen
635 1280 717 1338 sic
792 1278 1011 1354 abeto,
1047 1281 1108 1339 in
1156 1298 1293 1339 eum
1331 1278 1542 1342 statum

170 1370 513 1440 temporum
574 1373 739 1418 tuum
788 1358 1042 1419 reditum
1097 1358 1353 1422 incidere
1392 1404 1414 1436 ‚
1472 1376 1541 1420 ut

175 1442 248 1500 iis
281 1441 458 1500 bonis
480 1483 500 1514 ‚
545 1458 675 1519 quae
708 1438 811 1499 tibi
849 1438 1090 1514 natm-5,
1141 1436 1330 1501 studio
1352 1485 1373 1514 ,
1409 1436 1544 1501 for·-

168 1519 319 1587 ,tuna
357 1520 495 1580 data
526 1517 654 1580 sunt
674 1561 696 1591 ,
728 1516 949 1580 facilius
982 1521 1183 1582 omnia
1200 1562 1220 1593 ‚
1252 1540 1382 1601 quae
1413 1519 1544 1583 sunt

171 1600 541 1682 amplissima
585 1602 646 1659 in
687 1600 981 1679 republica
1002 1643 1025 1673 ‚
1075 1599 1352 1681 consequi
1392 1622 1546 1681 pos-

172 1683 261 1742 sis
294 1723 324 1754 ,
381 1678 557 1762 quam
609 1679 989 1751 muneribus,;
1052 1700 1303 1760 quorum
1352 1698 1547 1759 neque

174 1760 535 1825 facultatem
553 1758 852 1843 quisquam
870 1758 1243 1844 admiratur(
1275 1757 1358 1822 est
1386 1761 1547 1821 enim

175 1845 485 1925 copiarum
504 1886 527 1916 ,
557 1861 681 1902 non
710 1842 935 1903 virtutis
967 1840 995 1923 )
1027 1860 1217 1923 neque
1248 1840 1547 1923 quisquam

182 1923 268 1985 est
301 1967 324 1998 ‚
364 1925 510 2005 quin
549 1920 807 1987 satietate
847 1920 967 2001 jam
1008 1919 1250 1983 defessus
1290 1925 1379 1982 sit.
1429 1921 1549 1983 Sed

178 2005 347 2067 aliter
385 2019 564 2084 atque
615 1999 976 2066 ostenderam
995 2045 1016 2076 ‚
1053 2001 1204 2062 facio
1228 2047 1248 2075 ‚
1300 2004 1404 2083 qui
1443 2003 1545 2063 in-

166 2085 415 2168 grediar
438 2082 539 2144 ad
574 2082 975 2163 explicandam
1000 2087 1293 2162 „rationem
1325 2082 1552 2143 senten-

128 2199 135 2202 ,
170 2170 287 2230 ,πίε
324 2184 505 2226 meae.-
545 2160 748 2240 Quare
801 2182 1043 2226 omnem
1097 2162 1247 2224 hanc
1286 2162 1548 2243 disputa-

183 2248 439 2310 tionem.¹
458 2246 521 2322 in
560 2243 876 2304 adventum
917 2259 1081 2304 tuum
1121 2240 1345 2304 differo,
1377 2243 1548 2303 Sum-

164 2343 292 2388 s‘na
318 2322 473 2390 sscito
504 2325 565 2388 in
607 2322 1031 2405 exspeeratione
1064 2337 1125 2382 te
1160 2320 1272 2382 esse
1294 2366 1314 2395 ‚
1363 2341 1549 2403 eaque

170 2428 221 2476 ‚a
260 2422 333 2472 te
370 2402 686 2485 exspestari
707 2446 730 2478 ‚
774 2423 902 2484 quae
948 2424 982 2461 a
1002 2400 1230 2462 ,summa
1276 2404 1488 2465 virtute
1533 2451 1557 2481 ‚

172 2487 534 2567 summoque
573 2485 813 2566 ingenio
851 2479 1229 2564 exspectanda
1249 2481 1387 2546 ,sunt
1405 2506 1425 2544 τ
1476 2488 1552 2545 ad

174 2588 324 2651 quae
367 2567 419 2626 si
467 2584 532 2626 es
551 2608 574 2647 ,
601 2580 665 2628 ut
699 2565 879 2625 debes
901 2608 920 2637 ‚
953 2580 1179 2645 paratus
1214 2562 1241 2643 (
1278 2565 1437 2646 quod
1469 2568 1552 2626 ita
1668 2595 1672 2600 ·

166 2645 306 2716 ¹esse
347 2644 591 2712 confido
632 2642 662 2727 )
704 2644 961 2726 plurimis
996 2644 1372 2726 maadmisque
1415 2664 1553 2704 mu·

164 2726 445 2796 metibus·
483 2727 550 2786 δι
600 2744 713 2788 nos
757 2727 973 2790 amicos
1022 2770 1043 2799 ,
1094 2727 1158 2785 ὅ(
1214 2728 1370 2785 cives
1420 2741 1555 2787 tuos

164 2805 540 2882 aurniversos,
576 2805 646 2867 ὅτ.
680 2805 1098 2887 rempublicam
1136 2803 1369 2868 afficies.
1409 2803 1559 2871 Illud

279 2892 489 2955 Tamus
528 2888 647 2959 XI.
784 2887 791 2894 ’
1269 2882 1326 2946 C
