2007 3620
410 309 572 385 “Ao
606 312 1132 386 FAMILIARES
1169 306 1346 386 Lm.
1382 316 1441 389 I.
1553 336 1607 413 7

218 430 432 494 vincia
473 449 689 512 magna
726 435 966 511 negotia
989 477 1010 506 ‚
1044 432 1107 492 &
1140 431 1334 510 ampla
1357 464 1377 504 ,-
1410 431 1473 491 &
1508 431 1608 491 ex-

219 513 435 595 pedita
477 511 655 570 habet
703 551 723 583 ,
781 514 995 574 multos
1038 529 1220 573 annos
1254 528 1390 571 utor
1427 513 1606 574 valde

219 593 609 661 familiariter.
646 589 699 650 Is
726 614 905 675 quum
940 612 1110 655 antea
1144 592 1371 672 semper
1402 592 1466 652 &
1502 592 1602 655 suo

220 673 548 755 splendore
572 717 592 746 ,
627 672 691 732 &
717 673 909 733 nostra
932 717 955 748 ,
985 691 1427 754 ceterorumque
1458 668 1608 733 ami-v

224 774 439 815 corum
493 755 1005 816 commendatione
1055 755 1495 839 gratiosissimus
1539 748 1599 816 in

228 836 563 917 provincia·
604 833 712 895 fuit
747 855 767 909 3
812 853 935 898 tum
977 836 1094 895 hoc
1136 854 1405 915 tempore
1455 857 1601 916 pro-

228 935 364 998 ⁴pter
399 933 569 976 tuum
628 918 687 974 in
724 935 822 976 me
880 936 1143 978 amorem
1170 961 1190 990 ‚
1233 914 1479 976 nostram
1563 938 1600 980 e

224 996 724 1059 necessitudinem
776 996 1158 1059 vehementer
1224 994 1461 1057 confidit
1553 1001 1565 1014 '

225 1081 382 1140 meis
428 1078 634 1138 litteris
680 1075 736 1137 se
778 1077 931 1160 apud
964 1097 1024 1139 te
1059 1072 1367 1161 gratiosum
1413 1077 1539 1139 fore
1563 1099 1598 1140 ct

223 1156 362 1241 quae
392 1179 470 1218 ne
500 1156 625 1239 spes
651 1175 788 1217 eum
812 1157 1002 1233 fallat,
1035 1159 1418 1221 vehementer
1449 1174 1601 1241 rogo

222 1258 288 1301 te
322 1260 341 1313 ;
388 1239 863 1321 commendoque
913 1240 1020 1300 tibi
1070 1237 1196 1319 ejus
1244 1240 1442 1300 omnia
1483 1253 1604 1299 neb-

226 1323 398 1417 gotia
416 1366 435 1393 ‚
466 1321 708 1381 libertos
735 1359 756 1395 ‚
793 1338 1196 1400 procuratores
1215 1362 1235 1391 ‚
1271 1318 1551 1379 familiam
1568 1334 1600 1380 ’τ

225 1399 637 1482 inprimisque
660 1447 680 1476 ‚
724 1418 788 1459 ut
815 1420 943 1480 quae
968 1398 1045 1461 T.
1078 1397 1327 1480 Ampius
1369 1399 1442 1460 de
1472 1399 1599 1478 ejus

227 1504 297 1543 re
342 1483 643 1555 decrevit,
679 1502 749 1543 ea
785 1482 1177 1562 comprobes·,
1221 1479 1600 1561 omnibusque

224 1564 407 1624 rebus
435 1583 572 1623 eum
599 1565 679 1623 ita
715 1561 917 1623 tractes
935 1607 954 1636 ‚
997 1579 1062 1623 ut
1090 1562 1370 1643 intelligat
1407 1579 1603 1622 meam

225 1643 810 1787 &Emendationem
875 1660 999 1704 non
1061 1644 1365 1726 vulgarem
1417 1639 1600 1706 fuiss'e.

359 1745 415 1787 e.

269 1844 364 1906 M.
395 1842 472 1905 T.
510 1839 587 1906 C.
614 1841 683 1905 P.
716 1839 1035 1907 Leutuzo
1072 1838 1347 1907 Pnocos
1388 1840 1448 1907 S.
1481 1836 1569 1908 D.

228 1983 639 2046 coustvlsrvs
676 1979 751 2029 de·
771 1976 1141 2046 adversim‘orum
1177 1977 1423 2030 calumniis
1454 2013 1471 2040 ,
1509 1997 1606 2048 φα

298 2052 498 2124 pera&
517 2052 567 2102 in
579 2049 943 2119 J'enaeufuen‘nt
958 2055 1120 2103 eodem
1137 2053 1213 2103 die
1230 2086 1248 2113 ,
1283 2071 1372 2121 quo
1385 2051 1605 2122 superio-

302 2144 404 2180 rem
427 2125 672 2194 epistolam
695 2140 807 2178 ante
827 2127 974 2177 lucem
991 2122 1251 2196 scripserat
1267 2160 1284 2185 ‚
1325 2127 1562 2197 sigm'ficae
1581 2162 1601 2187 ,

300 2200 571 2253 obtinenda
591 2196 738 2266 causa
752 2196 839 2267 spe
860 2200 1044 2266 adjefta
1065 2232 1081 2258 ,
1120 2199 1213 2251 nisi
1233 2199 1308 2251 vis
1329 2233 1347 2259 ,
1367 2215 1500 2267 quam
1515 2199 1606 2270 so-

303 2275 403 2326 lam
424 2273 590 2330 timet,
620 2273 960 2324 intervenerit.
981 2274 1131 2325 Anno
1153 2272 1220 2325 U.
1247 2276 1300 2326 C.
1330 2280 1446 2341 697.

223 2462 288 2518 4.
315 2438 441 2503 ,ι’Ῑι
461 2460 613 2505 nrt:
634 2443 795 2506 diem
826 2461 968 2506 xvx.
990 2443 1109 2505 kal.
1131 2442 1303 2506 Febr.
1326 2465 1507 2528 quum
1532 2449 1596 2508 in

227 2525 426 2586 senatu
471 2525 859 2606 pulcherrime
905 2524 1179 2588 staremus
1210 2569 1232 2602 ,
1276 2528 1436 2612 quod
1480 2527 1600 2608 jam

222 2606 381 2667 illam
423 2606 773 2668 sententiam
824 2607 1015 2668 Bibuli
1061 2607 1134 2668 de
1176 2608 1355 2670 tribus
1396 2610 1599 2690 legatis

223 2690 407 2769 pridie
467 2687 603 2769 ejus
663 2688 779 2750 diei
840 2687 1195 2772 fregeramus
1231 2733 1256 2765 ‚
1305 2709 1600 2771 unumque

219 2787 520 2833 certamen
574 2766 718 2831 esset
758 2769 1016 2831 relictum
1045 2813 1066 2844 ,
1113 2769 1393 2831 sententia
1436 2770 1599 2832 Vol&-

214 2856 407 2932 catii„
469 2872 569 2915 res
615 2851 690 2912 ab
733 2851 1065 2915 adversariis
1111 2849 1312 2991 aegris
1352 2852 1599 2914 extratia

1283 2953 1346 2994 w
