2007 3620
336 241 465 312 AD
490 243 930 313 FAMILIAR.
954 241 1128 314 Lm.
1163 247 1239 312 V
1245 245 1294 313 I.
1366 255 1519 337 229·

184 349 482 433 'cuparionis
513 401 532 427 ,
581 373 676 416 aut
729 360 1073 436 temporis&
1114 362 1353 439 gratiam
1404 383 1520 420 au-

189 453 328 507 rem,
366 455 532 517 atque
579 436 971 497 austeritatem
998 483 1024 512 ‚
1059 458 1191 498 cum
1243 441 1347 498 hac
1408 461 1516 501 ex-

186 520 428 594 ceptione
459 562 476 590 ,
508 536 786 598 quantum
813 521 1043 578 valeam
1062 563 1086 591 ,
1119 539 1391 600 quantum
1440 541 1515 582 ue

184 600 398 674 possim.
438 598 608 662 Liber
645 617 777 659 tuus
812 600 875 658 &
928 599 1111 659 lessus
1150 598 1232 660 est
1256 645 1282 674 ,
1318 542 1514 661 &qe-

182 677 314 756 gitur
347 700 377 736 a
417 699 512 739 me
552 680 891 762 diligenter,
932 680 997 742 δέ
1048 678 1357 741 custoditur
1385 680 1521 741 dili-

181 761 517 837 gentissime*
539 758 657 820 Res
695 762 758 820 &
779 759 1026 820 fortunae
1064 777 1176 819 tuae
1214 763 1355 820 mihi
1384 782 1511 820 ma-

180 840 328 896 ximae
375 860 521 900 curae
572 840 699 901 sunt
737 861 757 913 ;
792 862 927 923 quae·
976 842 1211 922 quidem
1255 843 1516 922 quotidie
1605 842 1612 849 '

180 916 435 981 faciliores
470 923 612 981 mihi
655 923 719 981 &
742 924 1011 982 meliores
1033 923 1301 982 videntur
1319 968 1338 996 ‚
1363 925 1519 983 mul-

181 998 336 1080 tisque
366 1002 550 1063 ·video
609 1024 833 1083 magnae
879 1000 989 1066 esse
1032 1024 1180 1062 curae
1212 1023 1226 1062 ε
1264 1022 1514 1083 quorum

182 1078 243 1139 de
269 1080 439 1143 studio
462 1129 482 1156 ‚
521 1084 587 1143 &
623 1083 703 1143 de
729 1084 823 1143 sua
858 1082 892 1142 s
924 1104 957 1144 e
982 1081 1163 1158 filium
1200 1083 1273 1143 ad
1298 1102 1355 1144 te
1381 1105 1517 1163 per-

148 1159 416 1243 rscripsiffe
457 1165 620 1225 certo
660 1164 800 1224 scio·
833 1106 941 1224 1·le
963 1182 1157 1225 autem
1188 1164 1261 1228 de
1295 1166 1463 1225 rebus
1488 1210 1518 1239 „

140 1307 143 1308 ⁷
182 1261 300 1321 quas
329 1243 655 1323 conjeRura
697 1243 970 1324 consequi
1016 1243 1301 1325 possumus
1324 1292 1345 1321 ,
1389 1266 1516 1306 non

179 1324 297 1383 mihi
325 1324 482 1387 sumo
507 1372 527 1400 ‚
551 1342 623 1386 ut
641 1326 769 1406 plus
795 1324 914 1404 ipse
940 1323 1315 1406 prospiciam,
1339 1327 1524 1406 quiam,

181 1417 228 1463 te
261 1406 447 1467 videre
483 1425 658 1487 atque
699 1407 1022 1488 intelligere
1053 1406 1192 1470 mihi
1224 1407 1513 1486 persuase-

179 1485 269 1543 rim
301 1507 315 1544 :
346 1487 438 1548 sed
477 1503 714 1568 tarmen,
757 1490 890 1568 quia
930 1485 1055 1547 fieri
1089 1485 1332 1567 potest,v
1352 1505 1414 1548 ut
1448 1506 1516 1549 tu

180 1580 237 1623 ea
264 1568 674 1645 perturbatiore
712 1572 905 1627 animo
942 1569 1163 1649 cogites
1183 1614 1200 1641 ‚
1232 1586 1372 1648 puto
1399 1553 1514 1630 effe

180 1663 385 1723 meum,
425 1650 574 1732 quid
607 1647 884 1721 sentiam,
924 1667 1239 1727 exponere.
1277 1646 1360 1706 Ea
1399 1670 1517 1708 na-

162 1739 279 1792 ‚tura
313 1750 490 1791 rerum
534 1728 624 1790 est
651 1775 669 1802 ‚
710 1730 776 1789 ὃ(
818 1732 864 1788 is
911 1733 1241 1809 te'mporum
1279 1726 1469 1788 cursus
1493 1774 1519 1805 ‚

180 1825 231 1866 ut
258 1832 366 1870 non
434 1815 583 1875 ossit
603 1809 704 1870 ista
737 1826 836 1872 aut
866 1810 1013 1883 tibi,
1044 1828 1139 1870 aut
1165 1813 1367 1870 ceteris
1397 1808 1518 1870 for·

178 1903 290 1949 tuna
319 1913 349 1954 e
392 1915 431 1954 e
467 1895 739 1953 diuturna
770 1913 789 1966 ·,
828 1910 1018 1971 neque
1060 1892 1274 1952 haerere
1307 1893 1368 1950 in
1394 1910 1520 1952 tam·

179 1963 305 2032 bona
337 1975 493 2034 causa
516 2020 537 2047 ‚
591 1973 657 2033 &
685 1975 747 2031 in
792 1988 915 2032 tam
952 1973 1120 2034 bonis
1146 1974 1369 2032 civibus
1392 1991 1515 2033 tam

176 2054 349 2115 acerba
366 2053 598 2134 injuria.
625 2051 835 2132 Quare·
853 2053 927 2112 ad
954 2073 1087 2114 eam
1113 2052 1274 2135 spem
1292 2098 1311 2128 ‚
1336 2075 1519 2136 quam

177 2146 310 2194 extra
340 2137 616 2197 ordinem
654 2134 730 2195 de
764 2153 822 2196 te
866 2132 988 2215 ipso
1036 2135 1356 2209 habemus,
1390 2158 1519 2206 non

179 2207 332 2275 soiinn
354 2236 600 2298 propter
619 2215 955 2298 dignitatern
981 2215 1044 2274 &
1060 2219 1333 2275 virtutem
1353 2234 1518 2276 tuam

183 2287 327 2367 (haec
342 2302 496 2359 enim
522 2308 868 2359 ornamenta
898 2294 1025 2357 sunt
1050 2296 1156 2355 tibi
1181 2298 1361 2354 etiam
1384 2315 1520 2354 cum

181 2371 285 2433 aliis
311 2376 690 2457 communia)
728 2375 1012 2436 accedunt
1054 2390 1155 2434 tua
1190 2375 1476 2453 praecipua
1498 2417 1518 2447 ,

180 2471 270 2531 pro
309 2475 390 2519 ter
447 2461 731 2522 eximium
752 2458 1077 2536 ingenium·
1126 2452 1526 2536 stimmamque
1593 2516 1596 2517 γ

174 2550 260 2594 eru
298 2540 534 2601 ‘tionem
571 2558 593 2612 ·,
630 2540 723 2596 cui
746 2582 766 2612 ‚
800 2535 1325 2610 meherculeS‚..hic
1352 2582 1371 2610 ,
1409 2558 1512 2596 cu-

175 2607 338 2688 insin
379 2618 662 2701 potestate
707 2617 898 2679 sumus
938 2663 959 2693 ‚
1009 2618 1253 2678 multum
1301 2617 1518 2678 tribuit.

175 2691 351 2777 ltaque
393 2722 465 2761 ne
524 2698 796 2777 punRum
845 2699 1083 2779 quidem
1130 2699 1410 2776 temporis
1450 2700 1518 2756 'm

174 2772 254 2839 ista
276 2779 503 2844 fortuna
530 2777 720 2867 fuiss'es
746 2825 775 2859 ‚,
807 2783 919 2843 nisi
942 2800 1015 2843 eo
1038 2778 1161 2862 ipso
1184 2780 1352 2841 bono.
1368 2794 1473 2839 tuo
1489 2822 1516 2861 3
