2007 3620
480 322 638 397 290
781 299 1542 371 Emsrozanvn.

485 420 655 480 unice
693 416 899 501 diligi,
927 414 1293 498 hominisque
1329 416 1738 477 liberalitatem
1770 415 1869 476 in·

478 499 818 561 credibilem
865 495 927 557 &
968 497 1318 579 singularem
1356 495 1536 558 fidem
1583 494 1868 571 nossem;

486 584 570 644 sic
604 584 661 643 ei
694 599 752 641 te
791 579 1205 639 commendavi
1240 579 1306 640 &
1341 579 1547 638 tradidi
1575 623 1597 651 ‚
1635 594 1705 637 ut
1746 599 1871 660 gra-

485 664 721 725 vissime
746 660 1298 741 diligentissimeque
1327 661 1514 741 potui.
1538 657 1747 737 Quod
1774 660 1871 719 ille

486 745 566 804 ita
602 745 663 803 ὃ(
696 744 924 821 accepit
945 785 965 814 ,
999 740 1064 800 &
1092 740 1234 799 mihi
1270 740 1422 821 saepe
1450 742 1649 801 litteris
1689 743 1876 821 signi-

489 823 723 898 ficavit,
763 823 828 882 &
867 821 971 882 tibi
1013 822 1078 881 &
1123 820 1318 882 verbis
1364 823 1424 881 &
1462 841 1526 882 re
1570 818 1873 895 ostendit,

489 907 622 965 mea
654 902 1165 964 commendatione
1193 897 1515 964 sese’valde
1542 899 1661 962 ess'e
1701 923 1872 962 com-

489 1003 739 1046 motum.
784 984 958 1044 Hunc
998 999 1066 1044 tu
1114 984 1305 1042 virum
1347 982 1542 1042 naElus
1584 1027 1605 1057 ‚
1670 983 1728 1041 si
1779 1002 1874 1043 me

491 1083 592 1127 aut
631 1067 828 1147 sapere
886 1063 1146 1144 aliquid,
1205 1080 1303 1123 aut
1338 1063 1493 1125 velle
1541 1060 1642 1122 tua
1695 1065 1874 1123 causi

492 1167 659 1229 putas
687 1191 706 1221 ‚
750 1166 823 1206 ne
867 1143 1186 1216 dimiseris;
1222 1144 1287 1203 &
1313 1187 1333 1219 ‚
1375 1147 1424 1204 si
1451 1163 1581 1224 quae
1610 1157 1676 1202 te
1720 1143 1872 1203 forte

492 1249 586 1290 res
622 1227 934 1309 aliquando
979 1224 1290 1286 offenderit
1325 1268 1345 1298 ‚
1406 1243 1588 1305 quum
1626 1224 1739 1285 ille
1780 1242 1873 1285 aut

494 1311 879 1390 occupatione
908 1350 928 1380 ,
985 1324 1083 1368 aut
1123 1303 1460 1365 difficultate
1499 1303 1732 1364 tardior
1772 1306 1870 1365 tibi

493 1393 603 1453 erit
631 1389 780 1451 visus
798 1432 819 1463 ‚
848 1386 1140 1468 perferto,
1176 1386 1240 1445 ὃ(
1267 1386 1471 1445 ultima
1495 1384 1871 1466 exspectatm

491 1491 623 1551 quae
684 1489 799 1550 ego
865 1467 969 1525 tibi
1036 1469 1100 1527 &
1145 1463 1406 1546 'jucunda
1430 1512 1449 1540 ‚
1509 1465 1575 1525 &
1625 1464 1872 1527 honesta

493 1547 795 1633 praestabo.
835 1545 1096 1607 Pluribus
1132 1566 1191 1608 te
1226 1547 1444 1607 hortari
1478 1568 1602 1606 non
1636 1546 1872 1608 debeo:

492 1633 717 1692 tantum
758 1649 981 1690 moneo
1028 1675 1048 1704 ‚
1108 1648 1301 1708 neque
1343 1630 1606 1687 amicitiae
1646 1627 1872 1688 confir-

496 1712 726 1773 mandae
783 1711 1081 1771 clarissimi
1135 1730 1200 1768 ac
1259 1708 1641 1769 liberalissimi
1696 1711 1808 1769 viri
1850 1743 1871 1782 ,·

496 1814 691 1878 neque
737 1793 1020 1853 uberioris
1057 1791 1377 1873 provinciae
1403 1835 1422 1865 ,
1456 1808 1656 1872 neque
1695 1791 1871 1851 aetatis

498 1879 684 1958 magis
722 1875 1001 1949 idoneum
1033 1888 1265 1954 tempus
1293 1916 1314 1947 ‚
1349 1874 1396 1930 si
1427 1872 1540 1931 hoc
1576 1871 1870 1946 amiseris,

496 1972 571 2018 te·
594 1953 706 2016 effe
741 1955 923 2015 ullum
960 1973 1237 2034 umquam
1271 1969 1660 2033 reperturum.
1701 1953 1868 2025 Hoc,

497 2036 999 2120 quemadmodum
1024 2057 1135 2097 vos
1168 2033 1411 2094 scribere
1436 2033 1631 2095 soletis
1655 2037 1720 2093 in
1755 2031 1869 2096 ves-

498 2120 605 2180 tris
645 2118 798 2177 libris
822 2162 842 2192 ,
893 2119 1052 2178 idem
1093 2114 1183 2196 Q.
1221 2112 1506 2176 Cornelio
1543 2116 1870 2177 videbatur.

498 2198 599 2259 In‘
636 2198 989 2260 Britanniam
1050 2213 1110 2258 te
1171 2195 1495 2276 profectum
1558 2218 1688 2257 non
1765 2194 1868 2257 effe

503 2280 733 2367 gaudeo
756 2323 777 2354 ‚
820 2278 983 2359 qubd
1017 2278 1081 2337 ὃ(
1116 2278 1318 2339 labore
1358 2273 1620 2352 caruisti,
1659 2277 1728 2338 &
1762 2297 1869 2358 ego

504 2377 593 2423 te
630 2362 715 2422 def
758 2360 931 2421 rebus
988 2359 1099 2419 illis
1148 2379 1271 2418 non
1322 2358 1573 2419 audiam.
1631 2357 1758 2418 Ubi
1794 2359 1866 2416 sis

501 2442 952 2522 hibmatumS‚
1010 2441 1077 2502 &
1169 2440 1244 2500 ua
1280 2438 1379 2520 spe
1420 2484 1440 2513 ,
1511 2454 1613 2498 aut
1663 2438 1872 2511 condi-3

498 2525 665 2588 tione
693 2568 713 2598 ‚
734 2522 1059 2606 'perscribas
1088 2461 1169 2582 ad
1200 2539 1297 2583 me
1326 2520 1531 2586 velim.
1564 2518 1748 2593 Vale.
