2007 3620
257 271 384 339 Ao
404 274 849 344 FAMILIAR.
867 273 1046 343 Lm.
1065 270 1253 341 VIII.
1305 292 1393 367 33
1407 288 1452 366 ς

132 382 319 467 hocest,
335 387 631 467 imperandi
645 391 698 449 6·
714 388 1038 449 mandandi.
1060 390 1212 446 Nam
1233 430 1252 459 ‚
1267 388 1462 445 simul-

132 484 274 548 otque
321 487 470 527 erunt
508 490 681 551 captae
703 514 722 541 ,
774 473 870 550 qui
901 470 1062 527 alant
1104 489 1198 525 eas
1250 467 1305 525 6·
1364 468 1464 524 de·-

128 559 317 623 pottent
337 591 356 618 ‚
419 550 582 609 habes
640 574 731 611 eos
765 593 785 621 ‚
832 572 965 631 quos
1022 549 1100 605 ad
1162 547 1465 606 Sittianam

124 625 465 706 syngrapham
512 631 659 692 misi.
723 632 869 692 Puto
909 630 1068 689 etiam
1096 670 1117 701 ,
1170 630 1222 689 si
1256 626 1473 687 nullam

125 705 253 782 spem
305 709 430 768 mihi
470 711 665 770 litteris
709 710 990 792 ostenderis
1019 753 1041 780 ,
1085 730 1166 767 me
1219 709 1311 790 isto
1344 705 1474 786 11ιέίῖ-

126 784 290 862 jurum
332 791 497 850 alios.
555 795 808 852 Marcum
864 789 1141 852 Feridium
1168 833 1187 862 ‚
1241 791 1471 869 equitem

137 868 410 929 Romanum
444 913 469 943 ‚
541 874 703 932 amici
758 873 862 931 mei
898 873 1082 949 filium
1109 913 1132 941 ,
1182 870 1377 929 bonum
1415 869 1473 929 6·

128 948 365 1025 strenuum
406 951 791 1031 adolescentem
814 996 837 1023 ‚
872 954 969 1030 qui
1012 952 1088 1008 ad
1116 950 1284 1029 ficum.
1309 972 1476 1032 nego·

141 1027 252 1085 tium
288 1031 411 1109 istuc
465 1036 619 1093 venit
657 1077 676 1107 ‚
725 1032 828 1091 tibi
886 1032 1192 1090 commendo
1227 1052 1254 1102 ;
1304 1032 1359 1090 6·
1416 1048 1468 1090 te

142 1129 245 1188 rogo
303 1129 361 1171 ut
413 1133 533 1171 eum
595 1115 654 1172 in
708 1131 917 1173 tuorum
971 1132 1188 1171 numero
1251 1111 1479 1170 habeas.

142 1187 293 1268 Agros
330 1234 349 1263 ,
395 1215 535 1271 quos
563 1191 895 1272 ftuft'uarios
929 1193 1126 1251 habent
1164 1192 1417 1251 civitates
1457 1233 1478 1264 ‚

143 1269 245 1327 vult
276 1289 364 1332 tuo
404 1274 662 1352 beneficio
699 1273 729 1355 (
759 1273 907 1353 quod
940 1274 1039 1333 tibi
1103 1273 1242 1330 acile
1275 1272 1330 1331 6·
1367 1273 1484 1330 ho-

145 1352 311 1428 nestum
336 1351 506 1431 fhb't'u.
536 1356 604 1431 est
638 1353 666 1436 )
709 1359 968 1415 immunes
1012 1375 1042 1410 e
1086 1375 1131 1410 e.
1178 1354 1385 1412 Gratos
1426 1351 1484 1411 6·

146 1427 288 1490 bonos
324 1435 470 1494 viros
518 1436 618 1495 tibi
661 1437 957 1516 obligciris„
999 1434 1157 1493 Nolo
1198 1451 1249 1493 te
1284 1451 1483 1513 putare

144 1510 422 1586 Favonium
472 1536 520 1573 a
569 1517 926 1576 columnariis
956 1516 1288 1594 praeteritum
1331 1511 1430 1591 effi
1463 1533 1484 1573 .·

148 1593 353 1669 optimus
393 1594 616 1677 quisbue
672 1618 787 1655 eum
831 1618 941 1655 non
967 1593 1130 1672 ficit.
1191 1597 1489 1673 Pompeius

147 1687 253 1732 tuus
300 1680 474 1758 aperte*
537 1677 797 1757 Caesarem
843 1693 995 1737 vetat
1041 1675 1096 1733 6·
1145 1676 1492 1755 provinciam

147 1767 294 1815 tenere
350 1780 464 1818 cum
548 1760 785 1818 exercitu
830 1800 853 1828 ‚
926 1756 981 1816 6·
1050 1754 1317 1836 consulem
1372 1751 1491 1831 effe.

152 1837 327 1898 Tamen
365 1843 514 1900 banc
531 1840 859 1918 sententiam
894 1837 1045 1896 dixit
1076 1880 1097 1909 ,
1141 1836 1351 1896 nullum
1392 1836 1494 1894 hoc

156 1931 353 1997 tempore
386 1919 917 2000 senatusconsultum
948 1916 1294 1996 fhciendum.
1357 1916 1496 1976 Sci-

152 1996 235 2073 pio
273 2001 403 2060 hanc
440 2047 458 2074 ,
521 2019 585 2060 ut
634 1996 914 2059 Kalendis
961 1999 1198 2058 Martiis
1248 1998 1313 2056 de
1351 2018 1495 2078 pro-

156 2078 334 2138 vinciis
376 2083 599 2143 Galliis
626 2124 649 2151 ‚
697 2102 802 2140 neu
847 2081 985 2159 quid
1025 2076 1346 2158 conjunelim
1403 2100 1499 2136 re-

148 2154 372 2230 ferretur.
412 2163 763 2240 contristavit
799 2162 912 2221 haec
942 2161 1219 2239 [ἐπιεικέα
1258 2158 1505 2219 Balbum

163 2237 439 2302 Cornelium
479 2264 497 2302 .·
563 2241 619 2300 6·
646 2241 769 2317 scio
812 2262 929 2300 eum
1006 2241 1198 2319 nestum
1238 2237 1336 2316 effi
1378 2260 1499 2298 cum

162 2319 412 2398 Scipione.
464 2322 721 2384 Calidius
779 2321 839 2379 in
883 2263 1193 2397 desim-ione
1229 2318 1341 2396 sua
1383 2316 1505 2395 ficit

158 2398 560 2540 ‘'ffsjffiuimus’
609 2404 670 2463 in
708 2398 1051 2478 accusatione
1078 2396 1227 2478 finis
1239 2396 1510 2482 ftigidus.

204 2500 235 2537 a
258 2503 301 2542 e.
