2007 3620
533 303 687 388 '312
722 290 1006 360 Epzsr.
1048 303 1170 356 AD
1205 290 1504 358 FAMJL.
1533 287 1610 356 L.
1657 286 1823 356 VII.

532 409 732 467 omnia
771 407 910 466 mihi
955 419 1124 464 erunt
1148 447 1168 478 ‚
1218 404 1266 462 si
1310 405 1657 464 tu·veneris
1693 448 1716 476 ‚
1758 401 1910 462 hila-³

535 489 723 548 riora:
768 505 1118 568 quamquam
1147 486 1387 558 venies,
1419 502 1485 545 ut
1517 483 1641 565 ipse
1687 484 1910 545 intelli-

539 570 626 649 gis
646 613 665 642 ,
691 571 750 627 in
775 568 1154 627 maximarum
1176 567 1335 645 quasi
1367 563 1723 626 concursum
1748 585 1913 624 occu-

537 651 884 729 pationum;
914 667 1056 730 quas
1085 647 1175 716 si,
1207 662 1272 705 ut
1299 646 1569 706 volumus
1595 691 1615 720 ‚
1653 665 1912 725 excepe-

535 731 711 788 rimus
734 772 754 801 ‚
793 749 906 810 ego
933 728 1080 789 verb
1111 726 1352 785 multam
1387 725 1632 787 salutem
1678 726 1753 785 &
1788 726 1911 785 foro

536 809 723 870 dicam
772 810 839 869 ὃ(
881 812 1051 868 curiae
1077 852 1097 881 ‚
1149 808 1462 887 vivamque
1505 826 1719 869 tecum
1761 807 1912 866 mul-

533 907 695 962 tum,
733 890 797 948 &
833 910 967 948 cum
999 888 1404 948 communibus
1432 886 1642 947 nostris
1687 904 1911 947 amato-

532 970 709 1030 ribus.
758 968 914 1028 Nam
960 970 1022 1029 &
1065 966 1299 1028 Cassius
1342 985 1472 1028 tuus
1510 1013 1532 1043 ,
1595 968 1669 1028 &
1727 967 1914 1028 Dola*

534 1051 686 1110 bella
722 1048 916 1110 noster
943 1047 1099 1123 ‚'vel
1145 1050 1340 1129 potius
1381 1064 1628 1131 uterque
1679 1048 1909 1123 noster,

532 1128 726 1191 studiis
770 1129 970 1190 iisdem
1017 1147 1288 1191 tenentur
1321 1173 1341 1202 ‚
1398 1129 1464 1189 &
1502 1131 1659 1190 meis
1706 1133 1909 1211 aequis·

535 1213 693 1271 simis
741 1229 975 1272 utuntur
1019 1210 1268 1271 auribus.
1313 1208 1488 1290 Opus
1532 1208 1616 1271 est
1667 1210 1790 1271 huc
1840 1211 1909 1271 li-

536 1292 756 1352 matulo
802 1294 863 1353 &
904 1291 1093 1372 polito
1126 1307 1228 1350 tuo
1268 1288 1484 1367 judicio
1513 1336 1535 1361 ,
1579 1289 1647 1350 ὅτ.
1687 1292 1807 1352 illis
1835 1295 1910 1351 in·

534 1374 838 1433 terioribus
871 1372 1075 1432 litteris
1099 1416 1118 1445 ,
1166 1370 1372 1451 quibus
1403 1370 1565 1452 'saepe
1607 1392 1907 1433 verecun-

535 1454 759 1514 diorem
803 1472 897 1512 me
930 1456 990 1511 in
1030 1451 1334 1533 loquendo
1367 1450 1528 1512 facis.
1565 1452 1730 1513 Mihi
1761 1456 1904 1516 enim

535 1532 852 1612 judicatum
895 1530 976 1591 est
1017 1575 1037 1606 ‚
1101 1534 1149 1590 si
1189 1531 1372 1592 modo
1415 1532 1532 1592 hoc
1577 1531 1786 1595 Caesar
1820 1554 1904 1595 aut

539 1615 785 1694 patietur
809 1659 829 1688 ‚
884 1628 982 1673 aut
1009 1611 1177 1673 volet
1198 1656 1218 1687 ‚
1259 1612 1333 1672 de
1377 1632 1556 1673 onere
1594 1615 1768 1674 illam
1797 1612 1900 1694 jam

539 1695 843 1777 personam
866 1739 885 1769 ‚
927 1697 987 1753 in
1025 1715 1140 1774 qua
1172 1713 1268 1753 me
1336 1713 1458 1774 aepe
1488 1693 1576 1753 illi
1616 1697 1735 1775 ipsi
1774 1718 1901 1776 pro-

536 1778 673 1849 bavi
695 1822 714 1851 ‚
759 1797 824 1837 ac
867 1795 962 1836 me
1012 1792 1206 1836 totum
1257 1775 1317 1833 in
1368 1775 1583 1836 litteras
1636 1776 1851 1838 abdere
1882 1821 1899 1852 ,

538 1859 848 1939 tecumque
889 1857 953 1917 δε
991 1876 1125 1916 cum
1162 1857 1367 1916 ceteris
1396 1876 1598 1916 earum
1643 1855 1895 1920 studiosis

537 1937 942 1999 honestissimo
981 1940 1108 1998 otio
1141 1935 1377 2017 perfrui.
1413 1935 1510 1996 Tu
1545 1939 1805 2014 vellem,
1829 1959 1891 2000 ne

536 2021 752 2078 veritus
793 2016 933 2079 effes
957 2062 979 2090 ‚
1012 2038 1088 2079 ne
1124 2018 1441 2098 perinvitus
1479 2018 1751 2100 legerem
1783 2039 1886 2081 tuas

537 2100 752 2159 litteras
776 2143 795 2171 ‚
825 2101 879 2173 si
904 2098 1045 2157 mihi
1081 2096 1108 2178 (
1136 2098 1639 2180 quemadmodum
1671 2100 1889 2183 scribis)

537 2180 832 2261 longiores
863 2177 1016 2239 forte
1052 2178 1322 2240 misisses:
1355 2201 1422 2238 ac
1453 2180 1643 2240 velim
1678 2181 1910 2262 posthae

539 2262 622 2321 sic
666 2258 868 2319 statuas
895 2304 914 2334 ‚
955 2277 1079 2320 tuas
1112 2260 1255 2320 mihi
1287 2260 1501 2320 litteras
1538 2260 1886 2345 longissimas

535 2340 784 2425 quasque
803 2385 824 2418 ,
863 2343 1208 2425 gratissimas
1249 2340 1398 2403 fore.
1447 2340 1634 2405 Vale.

1128 2550 1311 2637 awa>

1129 2654 1315 2747 ww*

1299 2902 1880 2974 EPISTOLARUM
