2007 3620
154 305 160 310 ·
232 270 363 337 AD
390 271 838 339 FAMILIAR.
868 272 1050 339 Lm.
1083 270 1208 338 VJ..
1269 269 1414 362 263

90 380 441 442 incolumitati
474 400 583 442 tuae
606 426 625 454 ,
671 399 1020 461 tuorumque
1047 424 1066 455 ,
1105 384 1200 461 qui
1243 400 1316 440 ex
1363 397 1424 442 te

92 462 326 540 pendent
347 507 367 537 ,
401 455 655 524 consulas
678 482 849 542 :quae
879 460 1151 534 didicisti,
1180 481 1425 541 quaeque

91 542 152 601 ab
187 543 564 604 adolescentia
598 541 975 622 pulcherrime
1017 563 1051 601 a
1080 541 1435 621 sapientissi-

91 624 183 681 mis
203 626 333 684 viris
354 624 561 684 tradita
581 668 602 694 ‚
631 623 916 683 memoria
939 622 1000 680 &
1015 621 1246 682 scientia
1273 642 1435 681 com-

92 702 410 781 prehendisti
430 749 451 780 ,
489 704 574 763 his
601 703 713 763 hoc
741 721 1018 782 tempore*
1048 719 1207 762 utare
1236 723 1251 761 :
1282 723 1436 783 quos

93 784 407 862 conjunROS
436 784 655 844 summa
703 783 1115 845 benevolentia
1188 782 1436 843 lurirnis-

97 884 187 942 que
223 864 424 925 officiis
461 862 687 923 amisisti
711 909 730 937 ‚
770 885 973 924 eorum
1007 804 1352 923 deshferium
1386 867 1436 924 si

98 963 196 1004 non
228 967 392 1027 aequo
420 947 614 1005 animo
635 987 656 1016 ‚
682 963 740 1003 at
763 944 901 1003 fotti
931 943 1103 1004 feras.
1127 942 1264 1025 *Ego
1290 946 1435 1027 quid

100 1025 292 1102 possim
326 1025 524 1087 nescio
548 1070 568 1099 ‚
590 1025 689 1085 vel
715 1027 908 1104 potihs
931 1044 1028 1084 me
1049 1045 1252 1104 parum
1273 1022 1434 1105 pesse

104 1104 255 1168 sentio
288 1129 302 1166 z
336 1107 485 1169 illud
524 1124 718 1167 tamen
762 1107 869 1166 tibi
912 1106 1195 1185 polliceor
1221 1150 1242 1179 ‚
1294 1126 1391 1165 me
1413 1149 1438 1178 ‚

103 1205 450 1270 quaecumque
487 1185 645 1247 saluti
671 1187 1043 1267 dignitatique
1070 1205 1183 1244 tuae
1214 1186 1440 1260 condu-

105 1286 217 1328 cere
228 1269 545 1329 arbitrabor
561 1313 580 1341 ‚
598 1284 769 1327 tanto
782 1266 969 1327 studio
990 1265 1103 1326 esse
1128 1265 1407 1324 fafiurum
1421 1311 1445 1341 ,

107 1366 294 1427 quanto
335 1350 566 1430 semper
609 1366 671 1408 tu
720 1347 782 1407 &
826 1345 1052 1419 studio,
1098 1347 1162 1405 &
1202 1344 1396 1406 officio
1424 1389 1446 1420 ‚

107 1427 153 1486 in
186 1434 320 1492 meis
352 1431 525 1492 rebus
550 1426 721 1488 fuisti.
755 1427 924 1488 Hanc
950 1448 1143 1488 meam
1174 1428 1447 1488 volunta-

108 1524 208 1569 tem
256 1512 329 1572 ad
381 1530 632 1572 matrem
669 1527 827 1569 tuam
859 1555 878 1582 ,
935 1512 1218 1588 optimam
1273 1507 1449 1582 femi·-

111 1609 225 1651 nam
240 1637 258 1664 ‚
274 1594 480 1675 tuique
498 1592 973 1662 amantissimam,
996 1590 1195 1649 detuli.
1223 1588 1284 1648 Si
1308 1588 1450 1668 quid

113 1671 175 1729 ad
206 1687 295 1734 me
346 1671 630 1753 scripseris
651 1715 671 1744 ‚
701 1671 782 1730 ita
802 1668 1066 1740 ¹faciam,
1109 1686 1172 1732 ut
1201 1685 1259 1728 te
1298 1669 1454 1727 velle

114 1751 428 1818 intellexero
466 1774 480 1812 t
523 1755 610 1813 sin
642 1769 836 1813 autem
875 1768 938 1810 tu
978 1750 1168 1809 miniis
1213 1746 1461 1828 scripse-

118 1834 211 1907 ris,
256 1858 287 1898 e
330 1859 368 1896 o
411 1848 611 1894 tamen
655 1835 852 1892 omnia
890 1877 909 1905 ,
971 1852 1099 1911 quae
1154 1830 1259 1890 tibi
1300 1830 1460 1889 utilia

119 1911 212 1975 effe
239 1938 295 1976 ar
334 1914 557 1976 itrabor
575 1958 594 1986 ‚
621 1912 843 1974 summo
869 1912 1055 1974 studio
1077 1958 1096 1988 ,
1129 1912 1464 1995 diligenter-2

122 2012 216 2076 que
244 1999 477 2067 curabo-
516 1994 689 2056 Vale.
1007 2006 1034 2037 2'
1093 2024 1098 2035 ·
