2007 3620
208 3188 443 3341 Ἣ,

487 319 689 400 224
791 310 1531 378 EPISYOLARUM

485 420 621 483 effe.
662 419 850 502 Qubd
882 420 1101 499 majore
1127 424 1185 481 in
1218 425 1490 485 varietate
1519 421 1748 485 versata
1773 422 1850 485 est

488 502 675 564 adhuc
715 522 812 565 tua
843 503 1003 565 causa
1033 548 1053 576 ‚
1091 502 1265 584 quam
1300 504 1569 565 homines
1605 524 1704 566 aut
1737 527 1848 564 vo-

487 583 686 645 lebant
707 631 726 657 ,
764 602 860 646 aut
880 583 1294 665 opinabantur,
1319 586 1461 645 mihi
1493 586 1673 646 crede
1692 627 1712 656 ,
1738 606 1847 645 non

489 662 611 739 est,
651 687 757 746 pro
791 666 955 726 malis
996 683 1327 745 temporum
1349 705 1369 739 ‚
1403 665 1573 747 {subd
1619 664 1849 726 moleste

490 743 660 806 feras.
687 745 926 808 Necesse
970 745 1052 806 est
1089 748 1245 807 enim
1266 792 1285 820 ,
1328 764 1426 807 aut
1457 748 1638 806 armis
1671 747 1849 827 urgeri
1943 799 1944 802 ,

489 825 906 906 rempublicam
943 826 1304 907 sempiternis
1341 846 1370 899 ;Δ
1389 845 1523 902 aut,
1573 826 1664 887 his
1698 828 1846 907 posi-

489 908 565 965 tis
593 951 613 980 ,
652 910 896 969 recreari
938 906 1249 989 aliquando
1283 927 1302 981 3
1335 924 1429 966 aut
1476 907 1741 968 funditus
1764 910 1852 966 in·

490 988 683 1050 terite.
716 987 776 1049 Si
809 1010 966 1049 arma
991 988 1270 1050 valebunt
1292 1034 1313 1062 ‚
1347 1007 1455 1048 nec
1490 1008 1603 1048 eos
1624 1032 1646 1061 ‚
1680 1010 1714 1047 a
1742 990 1850 1068 qui-

490 1066 600 1128 bus
637 1072 908 1149 reciperis
945 1116 968 1143 ,
1023 1071 1212 1131 vereri
1260 1068 1439 1129 debes
1487 1090 1507 1141 3
1547 1089 1664 1130 nec
1703 1088 1798 1128 eos
1827 1111 1842 1139 ‚

487 1170 640 1231 quos
667 1148 946 1229 adjuvisti.
971 1148 1033 1211 Si
1062 1151 1246 1209 armis¹
1266 1166 1363 1210 aut
1386 1150 1732 1210 conditione
1755 1169 1845 1227 po-

494 1232 616 1291 sitis
636 1275 655 1303 ‚
693 1250 788 1292 aut
812 1230 1218 1313 defatigatione
1250 1228 1481 1310 abjectis
1505 1275 1527 1303 ,
1564 1248 1666 1291 aut
1685 1227 1846 1290 vifio·

492 1311 579 1371 ria
603 1311 865 1374 detraffis
884 1358 904 1386 ‚
941 1314 1141 1373 civitas
1172 1311 1533 1392 respiraverit
1559 1312 1664 1385 3&
1684 1310 1847 1392 digni-

495 1409 614 1453 tate
650 1392 762 1453 frui
799 1394 903 1454 tibi
926 1438 945 1465 ‚
988 1394 1053 1453 δὲ
1081 1391 1328 1453 fortunis
1350 1393 1573 1453 licebit.
1612 1391 1711 1453 Sin
1738 1409 1845 1451 om·

496 1476 640 1551 nino
678 1476 994 1534 interierint
1033 1474 1231 1532 omnia
1259 1518 1279 1546 ‚
1318 1471 1608 1554 fueritque
1643 1476 1691 1533 is
1734 1472 1842 1531 exi-

496 1572 627 1626 tus,
661 1574 836 1635 quem
879 1556 968 1615 vir
1011 1553 1486 1632 prudentissimus
1531 1553 1627 1613 Μ.
1669 1551 1845 1613 Anto-

498 1636 625 1693 nius
658 1632 776 1715 jam
809 1650 932 1695 tum
967 1633 1208 1694 timebat
1229 1679 1250 1707 ,
1286 1655 1466 1715 quum
1505 1650 1732 1696 tantum
1763 1635 1841 1691 in-

497 1713 643 1775 stare
672 1716 953 1776 malorum
977 1714 1358 1796 suspicabatur
1381 1736 1400 1789 3
1424 1714 1637 1776 misera
1673 1712 1749 1774 est
1767 1711 1844 1771 illa

500 1796 737 1879 quidem
768 1796 1085 1858 consolatio
1111 1842 1129 1871 ‚
1163 1796 1263 1856 tali
1300 1798 1614 1877 praesertirn
1656 1797 1760 1856 civi
1793 1791 1842 1851 &

499 1879 630 1938 viro
652 1923 670 1949 ,
700 1877 798 1938 sed
821 1897 1015 1938 tamen
1051 1875 1360 1938 necessaria
1382 1923 1402 1950 ‚
1428 1878 1573 1939 nihil
1596 1875 1708 1941 esse
1764 1893 1844 1932 rae·

505 1959 673 2037 cipue
715 1959 982 2039 cuiquam
1017 1958 1333 2018 dolendum
1358 1961 1419 2017 in
1450 1979 1526 2020 eo
1554 2007 1573 2033 ‚
1599 1980 1715 2040 quo
1772 1973 1844 2014 ac-

505 2038 658 2098 cidat
690 2042 991 2100 universis·
1037 2038 1195 2117 Quae
1225 2041 1313 2100 vis
1348 2041 1482 2099 insit
1516 2042 1579 2101 in
1611 2042 1697 2099 his
1722 2053 1841 2116 pau-

505 2121 586 2178 cis
620 2119 814 2180 verbis
851 2119 877 2194 <
899 2119 1060 2200 plura
1100 2123 1255 2181 enim
1298 2120 1717 2182 committenda
1745 2116 1843 2193 epi·

501 2198 661 2259 stolae
682 2221 804 2260 non
835 2200 1044 2279 erant)
1084 2204 1131 2260 si
1158 2201 1419 2261 attendes
1445 2247 1465 2275 ‚
1503 2201 1666 2283 quod
1692 2197 1839 2266 faciS,

504 2279 768 2362 profe&b
791 2285 966 2344 etiam
998 2282 1119 2342 sine
1150 2284 1293 2342 meis
1321 2283 1521 2342 litteris
1546 2280 1839 2360 intelliges,

504 2378 566 2423 te
591 2364 807 2446 aliquid
830 2363 1042 2424 habere
1062 2407 1080 2436 ,
1108 2362 1267 2444 quod
1296 2361 1487 2443 speres
1507 2383 1526 2435 ;
1548 2362 1688 2423 nihil
1707 2351 1839 2440 quod

503 2463 603 2505 aut
640 2445 752 2505 hoc
778 2491 797 2519 ‚
836 2462 932 2505 aut
981 2444 1173 2524 aliquo
1228 2443 1559 2523 reipublicae
1598 2441 1738 2502 statu
1772 2437 1837 2494 ti-

504 2545 664 2584 meas
699 2545 715 2584 :
754 2529 950 2587 omnia
984 2527 1033 2583 si
1065 2525 1378 2601 interierint
1398 2569 1418 2599 ,
1451 2545 1627 2605 quum
1672 2519 1838 2608 supef·

504 2604 690 2666 stitem
708 2621 767 2665 te
787 2605 899 2666 effe
923 2605 1252 2686 reipublicae
1274 2650 1294 2678 ‚
1326 2625 1399 2664 ne
1423 2649 1443 2678 ‚
1466 2607 1513 2664 si
1546 2605 1711 2664 liceat
1731 2615 1835 2677 qul-

503 2687 643 2748 dem
666 2732 684 2758 ‚
707 2685 852 2746 velis
876 2731 895 2759 ,
918 2685 1218 2745 ferendam
1240 2683 1351 2746 effe
1371 2685 1662 2745 fortunam
1678 2727 1697 2755 ‚
1720 2695 1833 2759 prae⁶

506 2767 700 2828 sertim
737 2788 864 2850 quae
904 2767 1052 2827 absit
1088 2788 1121 2826 a
1156 2765 1342 2846 culpa.
1380 2764 1492 2826 Sed
1523 2766 1641 2824 haec
1671 2757 1833 2821 haele-

493 2867 634 2909 ηας.
666 2847 766 2911 Tu
800 2848 980 2914 velim
1010 2846 1217 2909 scribas
1258 2847 1333 2907 ad
1378 2845 1643 2929 mequid
1682 2857 1854 2923 agab·
