2007 3620
345 306 485 374 Ao
519 305 1045 376 FAMILIARES
1077 311 1257 376 Lm.
1291 304 1352 379 I.
1442 326 1535 401 17

191 437 300 483 tem
325 467 344 496 ‚
389 423 850 502 religionemque
903 420 1106 482 video.
1150 418 1267 480 Sed
1309 440 1424 502 ego
1467 435 1528 481 te

188 519 247 562 ut
280 503 349 562 ad
387 520 606 562 certam
645 500 882 562 laudem
916 501 1195 563 adhortor
1214 545 1233 575 ‚
1272 502 1353 561 sic
1385 522 1419 559 a
1451 500 1540 560 di-

189 585 490 643 micatione
525 582 794 643 deterreo
822 624 844 656 ‚
884 582 1065 642 redeo
1109 601 1183 642 ue
1225 582 1303 641 ad
1348 581 1491 641 illud
1513 622 1535 655 ,

190 663 339 743 quod
375 665 543 723 initio
580 661 773 744 scripsi
797 705 819 734 ,
869 665 1046 724 totius
1107 661 1215 722 affl
1255 663 1348 723 tui-
1376 658 1542 740 judia-

192 745 334 804 cium
388 764 513 804 non
564 759 684 802 tam
741 763 816 802 ex
861 744 1105 804 consilio
1149 761 1250 804 ruo
1281 784 1301 818 ,
1444 741 1541 802 am

193 841 262 883 ex
296 842 509 885 eventu
557 823 827 884 homines
863 821 975 884 esse
1020 822 1284 884 facturos.
1418 822 1540 884 uod

197 904 239 962 si
271 903 387 965 haec
435 906 586 964 ratio
625 906 710 965 rei
753 904 1021 986 gerendae
1070 901 1387 984 periculosa
1428 902 1534 964 tibi

194 981 294 1044 effe
324 984 619 1045 videbitur
641 1029 661 1058 ‚
700 984 966 1064 placebat
1009 984 1188 1058 illud,
1218 1001 1283 1045 ut
1303 1029 1323 1057 ‚
1358 986 1406 1045 si
1435 1004 1538 1046 rex-

194 1067 374 1125 amicis
410 1067 523 1126 tuis
564 1109 584 1138 ‚
640 1066 739 1144 qui
777 1084 882 1144 per
917 1067 1277 1144 provinciam
1311 1066 1391 1125 im
1437 1068 1541 1126 etii

192 1147 267 1204 tui
306 1148 576 1224 pecunias
612 1147 670 1203 ei
709 1143 1072 1206 credidissent
1099 1187 1118 1219 ,
1159 1143 1342 1206 fidem
1380 1088 1537 1207 Kiam

197 1224 511 1304 praestitisset
546 1244 567 1298 ;
618 1224 684 1284 δε.
749 1225 967 1285 auxiliis
1032 1246 1168 1286 eum
1236 1229 1348 1287 tuis
1395 1271 1416 1302 ‚
1475 1228 1543 1287 δι’.

201 1308 364 1384 copiis
401 1304 710 1386 adjuvares
741 1325 758 1364 ε
814 1322 945 1366 eam
987 1304 1101 1367 esse
1140 1322 1397 1367 naturam
1422 1352 1442 1380 ,
1480 1307 1546 1366 &

197 1389 459 1448 rationem
491 1388 812 1468 provinciae
842 1401 957 1446 tuae
978 1427 998 1459 ,
1025 1405 1088 1447 ut
1118 1386 1267 1447 illius
1294 1387 1544 1448 reditum

200 1467 287 1526 vel
335 1466 668 1547 adjuvando
717 1464 1090 1528 confirmares
1132 1511 1151 1541 ‚
1211 1468 1311 1529 vel
1355 1469 1544 1549 negli-

199 1546 375 1627 gendo
428 1547 767 1628 impedires.
820 1545 887 1606 In
947 1546 1055 1606 hac
1115 1549 1338 1609 ratione
1404 1548 1544 1631 quid

203 1646 287 1686 res
309 1669 326 1699 ‚
360 1629 493 1708 quid
542 1626 709 1687 causa
743 1672 762 1701 ‚
815 1627 952 1707 quid
984 1646 1213 1707 tempus
1248 1627 1396 1689 ferat
1424 1672 1442 1701 ‚
1480 1646 1545 1688 tu

200 1703 449 1769 facillime
487 1731 531 1769 o
577 1707 831 1789 timeque
865 1707 1209 1788 perspicies:
1254 1708 1393 1787 quid
1430 1729 1542 1768 no⁴

198 1785 278 1848 bis
345 1788 482 1851 lacu‘
540 1806 642 1863 et,
691 1808 902 1850 exlme
941 1788 1309 1871 potissimum
1347 1790 1552 1868 putav-i

164 1887 168 1894 ·
200 1884 252 1927 te
309 1872 416 1931 cire
459 1887 767 1951 oportere,
1521 1899 1526 1912 ⁵

271 1947 454 2029 Quod
498 1951 646 2010 mihi
690 1950 763 2011 de
802 1947 996 2009 nostro
1033 1947 1217 2023 statu,
1257 1948 1330 2009 de
1364 1948 1550 2011 Milo·-

202 2029 280 2089 nis
323 2031 705 2093 familiaritate
729 2075 749 2104 ‚
789 2030 863 2091 de
903 2031 1139 2090 levitate
1164 2074 1183 2103 ,
1242 2029 1305 2090 &
1356 2030 1551 2092 imbe-

198 2110 412 2174 cillitate
459 2112 665 2173 Clodii
705 2110 998 2193 gratularis
1037 2156 1057 2185 ‚
1099 2112 1337 2174 minime
1374 2113 1551 2172 mira-

199 2209 314 2250 mur
353 2238 369 2264 ,
420 2212 479 2254 te
536 2194 645 2252 tuis
672 2233 693 2264 ‚
746 2208 812 2251 ut
859 2195 1157 2273 egregium
1207 2190 1488 2253 artificem
1527 2236 1551 2265 ,

200 2272 774 2364 praeclarisoperibus
813 2272 1037 2331 laetarit
1078 2292 1428 2353 quamquam
1466 2270 1549 2333 est

198 2354 533 2413 incredibilis
582 2353 887 2413 hominum
939 2354 1283 2432 perversitas
1341 2350 1368 2446 ζ
1410 2372 1554 2434 gra-

197 2431 335 2492 viori
362 2436 526 2493 enim
555 2432 742 2493 verbo
773 2435 859 2492 uti
886 2454 1006 2491 non
1039 2430 1232 2513 libet)
1268 2452 1366 2512 qui
1391 2455 1502 2493 nos
1523 2478 1549 2505 ,

200 2530 334 2592 quos
373 2513 630 2575 favendo
672 2515 734 2572 in
770 2514 1067 2573 communi
1099 2512 1264 2572 causa
1296 2516 1562 2574 retinere⁴

199 2610 502 2670 potuerunt
522 2639 543 2668 ‚
584 2593 904 2654 invidendo
945 2594 1371 2653 abalienarunt:
1406 2607 1558 2686 quo-⁴

198 2692 316 2733 rum
385 2676 957 2736 malevolentissimis
1043 2671 1554 2734 obtreRatiombus

200 2773 297 2813 nos
342 2755 488 2817 scito
529 2756 603 2815 de
650 2772 848 2817 vetere
891 2754 988 2814 illa
1027 2754 1219 2815 nostra
1259 2755 1558 2813 diuturna<-
1655 2821 1659 2825 a

201 2852 303 2915 que
340 2835 629 2900 sententia
668 2839 852 2919 prope
908 2832 1029 2917 jam
1073 2832 1186 2914 effe
1228 2832 1542 2917 depulsos,
