2007 3620
335 308 476 382 Ao
512 306 964 385 FAMILIAR.
984 297 1167 377 zm.
1205 312 1287 381 V.
1359 309 1454 383 16
1452 329 1503 400 9

132 411 214 485 ad
284 421 597 483 Metellum
663 443 1007 485 communes
1076 422 1288 484 amicos
1323 468 1342 498 ‚
1405 427 1504 506 qui

135 520 382 587 agerent
419 523 556 563 cum
594 522 708 578 eo,
743 522 807 572 ut
838 504 922 572 ‚de
959 503 1056 565 illa
1098 520 1297 564 mente
1334 503 1511 570 desis·

133 603 286 649 teret
307 605 327 657 ;
351 585 564 668 quibus
595 586 697 648 iile
730 584 1060 668 respondit,
1100 584 1207 645 sibi
1242 605 1365 645 non
1394 582 1507 647 esse

136 670 471 748 integrum:
504 669 725 730 etenim
765 667 940 749 paulo
972 667 1105 727 ante
1135 668 1195 725 in
1224 667 1508 728 concione

113 749 368 808 ‚dixerat
386 789 408 821 ,
450 748 559 820 ei,
600 750 698 830 qui
735 748 973 808 in-alios
1024 745 1512 808 animadvertisset

134 826 361 889 indm-:i
390 827 594 903 causa,
626 829 858 889 dicendi
874 830 991 909 'ipsi
1016 825 1356 909 potestatem
1382 826 1512 898 fieri

134 931 264 969 non
309 926 606 989 oportere.
642 910 963 970 Hominem
1010 929 1246 992 gravem
1268 951 1288 982 ,
1328 909 1391 972 &
1423 912 1511 974 ci-

132 1010 285 1052 vem
326 1008 464 1081 egre
501 990 670 1052 ‘umi
713 992 849 1072 qui,
889 989 1008 1071 quii
1040 990 1214 1070 poena
1247 989 1512 1068 senatus,

136 1069 429 1133 conseniu
510 1092 759 1131 onorum
801 1073 1064 1130 omnium
1086 1113 1105 1142 ,
1145 1090 1249 1131 eos
1289 1069 1512 1136 affece-

137 1170 233 1214 rat
274 1197 296 1226 ‚
351 1145 489 1234 qui'
506 1152 710 1213 ufbem
750 1151 1060 1215 incendere
1081 1196 1101 1225 ‚
1155 1150 1511 1233 magistratus

131 1240 213 1294 hc
258 1232 523 1293 senatum
556 1232 836 1295 trucidare
861 1277 882 1305 ‚
930 1232 1152 1293 bellum
1191 1236 1510 1300 maximum

133 1311 405 1376 'conflare
439 1311 745 1374 voluiffent
768 1358 789 1387 ‚
831 1312 1041 1373 eadem
1078 1312 1314 1394 dignum
1339 1311 1511 1393 judi-f

139 1412 309 1455 caret
351 1414 485 1454 eum
512 1437 532 1469 ‚
568 1395 669 1474 qui
700 1395 917 1454 curiam
951 1392 1112 1453 caede
1135 1437 1155 1467 ‚
1185 1393 1392 1455 urbem
1421 1398 1540 1467 iri-,-

141 1476 369 1537 cendiis
392 1519 414 1550 ‚
469 1471 691 1535 Italiam
745 1473 905 1535 bello
953 1472 1257 1536 liberasset.
1309 1473 1394 1537 Ita
1474 1497 1512 1538 e

145 1578 180 1618 e
224 1579 263 1617 o
309 1554 559 1616 Metello
580 1600 600 1630 ‚
627 1553 786 1615 fratri
815 1573 952 1629 tuo,
984 1553 1284 1637 praesenti,
1323 1578 1383 1619 re
1432 1560 1517 1620 ‘ti.

210 1658 309 1696 am
342 1637 402 1694 in
450 1636 646 1697 senatu
667 1680 686 1709 ,
735 1635 1014 1696 Kalendis
1048 1636 1325 1697 Ianuariis
1349 1684 1369 1714 ‚
1428 1642 1512 1699 sic

160 1739 289 1778 cum
325 1738 398 1778 eo
443 1717 517 1777 de
557 1716 854 1798 republica
886 1714 1169 1796 disputavi
1201 1761 1225 1789 ‚
1275 1735 1338 1780 ut
1377 1715 1516 1778 seii-

154 1801 291 1862 tiret
329 1798 437 1861 sibi
477 1820 612 1864 ,cum
644 1799 777 1859 viro
811 1795 954 1858 forti
986 1797 1052 1864 &
1085 1794 1361 1863 constanti
1398 1796 1512 1864 esse

152 1881 554 1964 pugnandum.
584 1878 661 1940 A.
706 1879 765 1939 d.
810 1882 1040 1940 tertium
1087 1877 1244 1940 Non.
1289 1879 1517 1944 Januar.

151 1983 335 2044 quum
361 1980 535 2043 agere
551 1957 850 2040 coepisset,
874 1961 1046 2023 tertio
1073 1981 1306 2043 quoque
1329 1963 1515 2024 verbo

150 2046 435 2121 orationis
470 2041 583 2102 suae
622 2060 717 2101 me
758 2040 1123 2121 appellabat,
1157 2042 1299 2103 mihi
1340 2045 1518 2105 mina-

146 2126 322 2186 batur
350 2144 372 2182 τ
417 2142 614 2203 neque
663 2121 744 2181 ini
789 2121 1107 2203 quidquam
1154 2121 1520 2187 deliberatius

147 2205 260 2265 fuit
277 2251 304 2279 ‚
325 2203 502 2284 quam
525 2222 654 2276 me,
681 2223 1038 2285 quacumque
1060 2205 1280 2267 ratione
1302 2204 1521 2285 postet,

150 2307 287 2346 non
326 2282 533 2361 judicio
554 2329 574 2359 ,
607 2303 798 2365 neque
832 2282 1243 2365 disceptatione
1266 2330 1285 2359 ,
1325 2284 1425 2346 sed
1459 2292 1523 2348 vi

148 2384 371 2449 atque·
400 2367 773 2446 impressione
825 2382 1111 2425 evertere.
1165 2363 1354 2442 Hujus
1405 2386 1521 2447 ego

146 2448 471 2511 temeritati
501 2449 547 2506 si
576 2449 786 2507 virtute
819 2461 990 2524 atque
1028 2446 1225 2505 animo
1252 2464 1374 2505 non
1405 2447 1526 2510 res-

149 2526 389 2590 titiss‘em
419 2548 437 2601 ;
487 2529 612 2607 quis
657 2525 833 2598 esset,
870 2527 971 2606 qui
1001 2545 1097 2586 me
1131 2527 1192 2585 in
1230 2526 1527 2590 'consulatu

151 2633 273 2676 non
320 2607 457 2670 casu
494 2604 1085 2688 ‘potiusc‘xistimaret
1108 2652 1127 2682 ‚
1170 2606 1341 2689 quam
1379 2631 1527 2670 con-

151 2692 323 2766 silio,
368 2689 588 2749 fortem
616 2684 824 2749 fuisse?
861 2686 1002 2747 Haec
1039 2690 1088 2748 si
1116 2704 1181 2748 tu
1218 2689 1528 2755 Metellum

158 2766 418 2855 cogitare
457 2769 531 2829 de
568 2766 914 2842 nne-nescisti
938 2813 958 2844 ,
995 2768 1173 2843 debes
1210 2768 1529 2844 existimare

166 2849 547 2934 ‘te‘niaximis'
580 2849 652 2912 de
694 2849 867 2925 rebus
913 2848 950 2920 a
983 2848 1161 2915 fratre
1215 2849 1328 2912 esse
1369 2853 1534 2933 cela-2

234 2938 447 3009 romu-5
482 2930 599 3003 le
1263 2929 1326 2998 H
