2007 3620
377 311 516 405 ,Ao
550 311 1005 382 FAMILIAR.
1042 312 1213 383 Lm.
1248 310 1344 380 X.
1402 329 1560 406 439

176 445 295 507 per
318 423 383 505 se
424 470 448 499 ,
509 432 747 508 corrupti
785 428 946 487 etiam
988 448 1090 508 per
1140 450 1230 488 eos
1272 429 1368 508 qui
1410 449 1559 508 pra-

169 507 322 586 sunt
367 509 632 567 Canidios
659 554 683 580 ,
735 509 1108 588 Rufrenosque
1132 552 1150 580 ‚
1210 510 1263 568 δ’
1310 528 1510 568 ceteros
1541 550 1564 579 ‚

184 606 375 666 quos,
411 608 574 666 quum
615 608 752 669 opus
794 589 893 648 erit
919 634 938 662 ‚
977 591 1210 666 sitietis,
1250 589 1566 649 conclama-

183 670 306 727 rint
351 667 463 728 viri
505 668 677 742 boni,
711 691 903 749 pacem
935 668 997 747 se
1029 670 1212 743 vellet,
1263 690 1432 748 neque
1460 665 1557 745 effi

182 768 319 806 cum
357 748 495 807 ullis
523 769 860 829 pugnaturos
888 795 910 820 ,
966 750 1175 810 duobus
1206 746 1331 827 jam
1368 749 1564 823 conjit-

183 829 342 887 libus
380 830 750 909 singularibus
783 832 978 889 occisis
998 875 1023 901 ‚
1083 848 1162 889 tot
1194 830 1419 889 ‚civibus
1456 850 1561 908 pro

175 909 381 989 patria
423 910 647 968 amissis
688 955 708 981 ,
779 911 1010 990 hostibus
1050 912 1275 988 denique
1314 911 1564 970 omnibus

171 988 461 1068 judicatis
493 1033 513 1062 ‚
575 989 826 1069 bonisque
864 989 1188 1069 publicatis.
1234 993 1426 1068 Neque
1460 991 1562 1049 hoc

185 1087 296 1128 aut
330 1070 644 1129 vindicarat
680 1072 924 1149 Lepidus
940 1113 965 1141 ,
999 1087 1098 1128 aut
1129 1069 1381 1149 sanarat.
1433 1072 1559 1128 Huc

185 1169 276 1207 me
319 1150 500 1208 venire
520 1194 541 1220 ,
585 1151 639 1209 δ’
678 1151 891 1210 duobus
927 1151 1254 1209 exercitibus
1294 1148 1563 1230 conjunc-

184 1232 269 1289 1is
319 1227 545 1307 objicere
588 1232 876 1289 exercitum
908 1231 1297 1309 fidelissimum
1321 1274 1340 1302 ‚
1381 1230 1561 1289 auxi·-
1595 1268 1599 1273 ·

184 1311 276 1369 lia
308 1310 550 1368 maxima
570 1355 587 1380 ‚
623 1313 900 1391 principes
939 1310 1184 1382 Gallia,
1214 1310 1561 1389 provinciam

183 1393 434 1449 cunilam
460 1434 481 1460 ,
530 1390 754 1468 summae
805 1393 1082 1451 dementia
1132 1391 1187 1451 6·
1247 1392 1563 1449 temeritatis

183 1468 291 1548 effi
320 1470 445 1529 vidi
473 1492 491 1529 .·
520 1474 751 1550 mihique
774 1515 794 1545 ‚
835 1473 886 1530 si
927 1474 1010 1531 ita
1058 1469 1330 1554 oppreffits
1370 1468 1520 1549 eſjem
1537 1515 1560 1541 ‚

183 1571 403 1628 remque
443 1552 720 1630 publicam
767 1573 966 1611 mecum
999 1550 1385 1631 prodidiffim‚
1424 1573 1562 1611 mor-

186 1649 288 1691 tuo
328 1652 438 1689 non
475 1631 630 1690 modo
679 1632 928 1692 honorem
954 1674 974 1704 ‚
1008 1631 1114 1711 fid
1146 1633 1562 1710 misericordiam

185 1731 404 1790 quoque
462 1709 786 1791 defuturum.
834 1711 1030 1788 Itaque
1084 1714 1351 1776 rediturus
1381 1712 1504 1790 fitm
1540 1755 1562 1783 ‚

181 1812 293 1852 nec
344 1807 503 1850 tanta
549 1813 770 1852 munera
819 1793 1053 1874 perditis
1093 1792 1396 1852 hominibus
1439 1792 1563 1851 dari

175 1869 338 1954 poffe
393 1872 594 1932 sinam.
657 1875 741 1931 Ue
800 1874 1090 1932 exercitum
1142 1873 1285 1944 locis
1323 1873 1564 1940 *habeam

186 1955 517 2031 opportunis
536 1996 560 2023 ,
595 1954 939 2032 provinciam
968 1970 1124 2010 tuear
1150 1998 1167 2025 ,
1195 1954 1356 2011 etiam
1380 1955 1432 2012 si
1465 1952 1561 2011 ille
1603 2015 1604 2020 ἵ

185 2033 468 2100 exercitus
519 2034 761 2113 descierit
787 2078 809 2106 ‚
850 2035 1151 2111 omniaque
1196 2036 1403 2127 integra
1430 2032 1559 2112 sir-3-

181 2131 312 2176 vem
337 2155 361 2182 ,
419 2112 562 2171 dabo
615 2134 828 2194 operam
851 2158 869 2186 ‚
923 2115 1109 2191 quoad
1145 2132 1415 2174 exercitus
1455 2115 1560 2173 huc

172 2190 539 2273 summittatis
559 2237 582 2264 ,
612 2197 840 2275 parique
869 2192 1145 2273 felicitate
1179 2192 1563 2287 rempublicam

184 2270 287 2331 hic
322 2274 626 2333 vindicetis.
668 2275 794 2333 Nec
834 2276 1138 2355 depugnare
1170 2317 1190 2345 ‚
1248 2267 1298 2331 ³¹1
1343 2277 1560 2338 occasio

185 2352 383 2414 tulerit
405 2374 434 2425 ;
488 2364 589 2422 nec
635 2353 870 2413 obsideri
903 2396 923 2425 ,
977 2354 1031 2412 si
1088 2349 1283 2429 neceffe
1328 2351 1504 2426 fuerit
1530 2374 1559 2426 ς

186 2454 293 2492 nec
338 2433 519 2507 mori,
575 2435 629 2493 si
668 2431 828 2513 cafits
872 2433 1128 2492 inciderit
1148 2475 1169 2505 ‚
1208 2453 1312 2514 pro
1354 2433 1511 2491 vobis
1538 2476 1558 2506 ,

180 2515 444 2595 paratior
472 2512 590 2592 fuit
632 2512 932 2596 quisquam.
995 2518 1181 2593 Quare
1234 2514 1413 2572 hortor
1458 2532 1508 2571 te
1535 2558 1559 2587 ,

190 2595 270 2656 mi
301 2596 486 2661 Cicero
508 2639 527 2667 ‚
553 2598 839 2655 exercitum
865 2594 968 2653 huc
995 2589 1374 2673 trajiciendum
1399 2593 1560 2670 qutim

184 2674 424 2757 primum
479 2695 631 2733 cures
653 2696 678 2747 ,·
738 2677 794 2735 6·
838 2691 1075 2735 matures
1121 2674 1277 2755 prius
1308 2718 1332 2745 ,
1396 2674 1559 2750 quam

187 2756 361 2835 hostes
387 2758 558 2835 magis
591 2758 991 2816 corroborentur
1018 2800 1035 2828 ,
1069 2755 1122 2815 G·
1159 2755 1317 2836 nostri
1346 2771 1559 2831 pertur-

190 2838 403 2896 bentur.
449 2835 517 2895 In
557 2858 662 2916 quo
705 2838 756 2897 si
807 2835 1057 2896 celeritas
1101 2836 1200 2893 erit
1239 2833 1491 2893 adhibita
1535 2874 1560 2908 ‚-

1198 2911 1357 2973 Viv

1565 3193 1742 3300 θ’
