2007 3620
297 247 435 314 An
468 246 916 314 FAMILIAR.
950 249 1122 345 ζιΒ.
1153 247 1249 321 Χ.
1313 264 1470 342 455

87 364 190 423 xit
232 364 382 423 duas
407 405 426 434 ‚
465 362 764 439 secundam
792 405 819 432 ‚
877 361 932 421 6·
974 363 1474 441 quintam-tricesi-

89 462 244 501 mam
281 486 302 516 ‚
363 442 418 502 ὃ*
466 443 708 501 cohortes
742 444 1032 521 praetorias
1077 444 1217 501 duas
1241 487 1264 515 ‚
1306 465 1472 503 unam

77 523 253 604 sitam
273 566 294 596 ‚
328 522 557 582 alteram
592 522 825 594 Silani,
869 541 1210 584 evocatorum
1235 542 1471 604 partem.

93 603 194 663 Ita
234 604 455 663 obviam
491 604 643 662 venit
679 603 838 664 nobis
855 647 882 672 ,
922 605 1073 683 quod
1102 626 1204 664 nos
1240 624 1474 684 quatuor

93 684 345 764 legiones
380 686 612 743 tironum
643 684 835 745 habere
867 684 1046 765 solum
1084 685 1472 746 arbitrabatur.

96 766 222 833 Sed
256 767 413 826 noblu
432 807 453 837 ,
489 765 595 842 quo
628 762 801 825 tutius
845 768 1028 827 venire
1058 766 1116 825 in
1154 768 1324 846 castra
1346 765 1479 848 post

83 844 278 926 semus
298 889 322 919 ,
353 845 610 926 legionem
651 845 923 907 Martiam
945 892 965 920 ‚
1010 847 1099 909 cui
1135 869 1227 927 ego
1258 845 1475 929 praeeffit

87 924 340 1005 solebam
362 968 384 997 ,
419 925 474 984 δ’
505 926 647 984 duas
675 926 915 987 cohortes
938 928 1227 1008 praetorias
1261 929 1475 1005 militat

105 1008 334 1066 Hirtius
382 1005 561 1066 nobis.
617 1008 801 1087 Quum
845 1009 1048 1086 equites
1088 1008 1331 1067 Antonii
1366 1029 1479 1089 ap-

97 1083 406 1168 paruifflnt
428 1129 451 1156 ,
500 1087 763 1147 contineri
806 1109 973 1167 neque
1017 1086 1156 1170 legio
1196 1089 1414 1147 Martia
1447 1133 1473 1160 ,

104 1188 279 1245 neque
323 1167 561 1226 cohortes
604 1168 869 1247 praetoriae
920 1185 1212 1248 potuerunt
1249 1188 1276 1237 ;
1330 1190 1470 1246 quas

92 1249 259 1327 fiqui
293 1248 545 1326 coepimus
576 1248 747 1307 coabli
769 1289 792 1318 ,
830 1249 1088 1327 quoniam
1124 1269 1218 1318 eas
1252 1251 1474 1306 retinere
1530 1262 1540 1271 ·

112 1349 223 1407 non
258 1345 592 1407 poteramus.
634 1327 914 1389 Antonius
955 1330 1035 1388 ad
1073 1324 1270 1389 Forum
1318 1328 1478 1388 Gal-

112 1406 288 1467 lorum
323 1407 461 1485 ficas
502 1407 692 1487 copias
737 1408 1047 1468 continebat
1074 1428 1102 1478 ;
1145 1429 1314 1486 neque
1339 1407 1487 1488 fiiri·

111 1486 330 1549 volebat
355 1531 377 1560 ‚
407 1485 472 1565 fi
508 1488 559 1546 le
595 1486 746 1548 iones
780 1488 973 1551 habere
994 1533 1015 1562 ‚
1054 1487 1267 1548 tantum
1313 1489 1475 1568 equi-

104 1587 287 1627 ‚tatum
328 1610 353 1637 ,
414 1565 470 1626 fv·
538 1509 707 1627 ἄνεω
766 1587 1095 1629 armaturam
1158 1569 1480 1649 ostendebat.

114 1646 468 1726 Posteaquam
526 1649 670 1706 vidit
715 1649 779 1726 se
833 1651 1011 1708 invito
1082 1649 1341 1737 legionem
1401 1651 1480 1707 ire

117 1727 307 1807 Pansa
331 1771 351 1800 ‚
378 1725 537 1806 siqui
567 1728 629 1808 [ὲ
671 1729 812 1788 duas
856 1731 906 1786 le
940 1733 1090 1789 iones
1126 1729 1304 1806 Jussit
1345 1728 1480 1790 tiro·-

114 1832 262 1870 num.
320 1809 678 1890 Posteaquam
739 1752 1015 1890 angustias
1059 1812 1295 1891 paludis
1339 1852 1362 1880 ,
1423 1809 1481 1869 6·

111 1892 382 1952 silvarum
423 1891 780 1949 transivimus
806 1935 826 1962 ‚
871 1892 1022 1950 acies
1066 1890 1132 1970 est
1169 1891 1413 1971 instruffa
1442 1913 1481 1949 a

106 1971 277 2032 nobis
321 1970 601 2028 duodecim
642 1971 957 2031 cohortium.
1008 1971 1272 2030 Nondum
1315 1993 1483 2029 vene-

111 2070 245 2113 rant
304 2050 541 2131 legiones
606 2052 747 2111 duae.
805 2051 1046 2130 Repente}
1099 2049 1375 2112 Antonius
1424 2053 1485 2112 in

107 2134 294 2196 aciem
333 2131 475 2211 suas
529 2133 723 2212 copias
776 2132 842 2190 de
894 2133 1018 2191 vico
1060 2132 1326 2210 produxit
1351 2175 1372 2205 ,
1427 2132 1484 2193 ὅν

111 2215 243 2280 sine
291 2231 438 2271 mora
481 2214 772 2273 concurrit.
831 2211 1022 2272 Primo
1069 2213 1151 2270 ita
1179 2231 1485 2292 pugnatum

110 2292 234 2374 est,
280 2310 340 2350 ut
380 2292 568 2354 acrius
607 2314 714 2352 non
745 2289 918 2372 poffit
955 2312 1025 2350 ex
1070 2309 1296 2369 utraque
1325 2310 1485 2370 parte

106 2374 356 2456 pugnari
374 2394 402 2443 ,·
440 2372 544 2432 etsi
582 2373 855 2434 dexterius
893 2391 1059 2431 cornu
1079 2413 1101 2439 ,
1154 2371 1215 2427 in
1254 2392 1357 2448 quo
1389 2391 1483 2451 ego

112 2474 270 2514 eram
308 2473 426 2512 cum
460 2454 690 2513 Martia
735 2452 963 2534 legionis
1000 2448 1307 2512 cohortibus
1337 2456 1487 2521 0520,

114 2539 328 2614 impetu
384 2534 562 2613 primo
604 2531 901 2614 fugaverat
958 2532 1214 2614 legionem
1266 2532 1490 2591 tricesi-

111 2614 555 2693 mam-quintam
594 2614 877 2685 Antonii,
920 2630 980 2672 ut
1028 2610 1270 2692 amplius
1298 2609 1490 2691 paffits

118 2696 447 2777 quingentos
483 2692 631 2752 ultra
669 2693 838 2752 aciem
866 2737 889 2764 ,
929 2714 1033 2771 quo
1070 2691 1191 2751 loco
1225 2694 1447 2773 steterat
1468 2736 1491 2765 ,

83 2770 95 2776 “
108 2772 448 2861 proceffirit.
500 2772 694 2853 Itaque
730 2818 752 2851 ‚
804 2793 963 2853 quum
1016 2771 1218 2854 equites
1264 2771 1494 2853 nostrum
