2007 3620
407 222 538 291 AD
563 221 1009 293 FAMILIAR.
1037 220 1212 295 Lm.
1235 224 1367 296 III.
1446 245 1584 317 105

184 328 376 397 dicis
401 382 418 411 ,
454 335 572 417 ipse
611 335 819 411 sentiS‚
859 356 958 398 tua·
994 335 1215 400 summa
1249 343 1418 423 culpa
1461 340 1541 403 est
1573 363 1595 416 ;

190 421 320 478 sin
356 437 546 479 autern
583 419 678 477 alii
709 437 906 479 tecum
938 419 1063 478 haec
1099 420 1411 503 loquuntur
1433 466 1454 495 ‚
1496 443 1594 483 tua

185 518 424 559 tamen
451 543 471 571 ‚
525 498 688 579 quod
739 500 934 573 audiS,
976 500 1149 581 culpa
1184 504 1462 563 nonnulla
1496 503 1597 567 est.

192 579 376 656 Mea
430 581 578 639 ratio
634 581 693 637 in
740 598 863 640 tota
906 583 1159 642 amicitia
1196 581 1389 644 nostra
1441 595 1624 643 con--

190 657 378 720 stans
430 659 497 718 &
533 661 724 740 gravis
768 664 1103 741 reperietur.
1156 662 1348 743 Quod
1386 667 1434 724 si
1472 668 1598 745 quis

193 760 326 801 me
384 737 717 800 astutiorem
773 739 938 823 fingit
975 786 995 817 ,
1046 744 1185 823 quid
1246 744 1434 824 potest
1483 744 1599 806 effe

202 820 491 881 callidius
517 862 539 892 ‚
583 819 759 898 quum
800 841 981 901 quum⁸
1020 839 1079 883 te
1126 825 1417 887 absentem
1448 825 1600 886 sem-

202 922 339 983 per
393 899 761 960 defenderim
795 945 815 974 ,
870 922 1049 982 quum
1101 905 1409 985 praesertim
1457 908 1601 967 mihi

207 981 331 1042 usu
392 997 707 1041 venturum
760 1000 880 1042 non
948 983 1247 1046 arbitrarer
1284 1032 1302 1060 ,
1356 1005 1423 1046 ut
1475 1007 1610 1069 ego·

213 1081 474 1143 quoque
519 1059 720 1121 absens
760 1084 794 1120 a
833 1081 891 1123 te
930 1062 1327 1127 defendendus
1369 1066 1543 1128 ess'em
1573 1089 1596 1142 ;

213 1163 389 1204 nunc
430 1144 796 1202 committere
823 1188 842 1216 ‚
881 1162 946 1204 ut
976 1161 1042 1220 tu
1082 1144 1204 1225 jure
1239 1152 1465 1229 optimo
1499 1170 1601 1211 me

217 1222 538 1283 absentem
593 1222 853 1284 deserere
902 1223 1131 1304 poss'es?
1176 1228 1376 1289 Unum
1417 1250 1604 1312 genus

219 1306 466 1384 excipio
495 1301 771 1364 sermonis
797 1348 818 1376 ‚
852 1307 911 1363 in
945 1326 1064 1385 quo
1098 1307 1353 1387 persaepe
1385 1311 1616 1388 aliquid·

227 1387 487 1457 dicitur,
524 1385 684 1463 quod
714 1402 772 1444 te
813 1403 1012 1464 putem
1044 1389 1203 1448 nolle
1240 1389 1390 1462 dici,
1431 1393 1479 1449 si
1506 1407 1614 1452 aut
1709 1433 1716 1439 -

232 1465 568 1547 legatorum
612 1483 842 1527 tuorum
885 1469 1137 1545 cuipiam
1160 1512 1179 1543 ‚
1229 1486 1327 1530 aut
1355 1469 1606 1550 ‘praefec-

232 1563 437 1607 torum
460 1590 481 1620 ,
521 1560 617 1604 aut
650 1548 1024 1608 tribunorum
1057 1550 1302 1610 militum
1334 1553 1483 1611 male
1512 1553 1605 1611 di-

237 1629 433 1687 citur:
471 1625 632 1707 quod
666 1645 863 1687 tamen
896 1626 1082 1706 ipsum
1117 1651 1236 1690 non
1274 1633 1604 1694 mehercule

236 1707 436 1769 adhuc
470 1706 674 1767 accidit
710 1727 806 1767 me
853 1708 1123 1768 audiente
1164 1755 1184 1784 ‚
1241 1729 1305 1770 ut
1343 1731 1440 1771 aut
1476 1733 1620 1793 gra-2

236 1791 374 1851 vius
413 1787 697 1849 diceretur
718 1834 737 1862 ‚
777 1806 873 1848 aut
908 1792 966 1848 in
997 1790 1189 1871 plures
1215 1837 1234 1866 ,
1278 1791 1452 1873 quem
1488 1813 1613 1854 me-

241 1890 381 1932 cum
415 1866 700 1949 Corcyrae
733 1867 979 1930 Clodius
1018 1869 1103 1932 est
1131 1873 1401 1947 locutus;
1432 1894 1613 1954 quum

246 1952 310 2010 in
339 1970 417 2011 eo
448 1970 663 2032 genere
696 1952 944 2010 maxime
972 1971 1305 2031 quereretur
1324 2000 1345 2029 ‚
1373 1973 1431 2017 te
1465 1956 1618 2016 alio-

246 2052 379 2091 rum
444 2032 816 2111 improbitate
881 2034 1070 2092 minus
1132 2033 1360 2095 felicem
1432 2035 1617 2099 fuisse.

245 2111 384 2172 Hos
422 2131 538 2192 ego
579 2110 870 2173 sermones
892 2156 910 2184 ,
948 2114 1111 2194 qubd
1153 2116 1218 2175 &
1250 2117 1415 2177 multi
1447 2117 1615 2192 sunt,

255 2193 325 2252 &
366 2210 524 2251 tuam
567 2191 1049 2254 existimationem
1075 2240 1096 2269 ‚
1136 2215 1200 2256 ut
1234 2217 1350 2278 ego
1387 2197 1571 2258 sentio
1592 2243 1617 2273 ‚

255 2291 387 2332 non
427 2272 763 2347 offendunt,
798 2274 1062 2335 lacessivi
1098 2295 1239 2336 num
1281 2299 1416 2336 uam
1441 2322 1459 2350 ,
1513 2277 1615 2338 sed

253 2373 385 2413 non
429 2354 592 2414 valde
634 2357 897 2434 repressi.
936 2353 997 2414 Si
1039 2356 1165 2434 quis
1207 2377 1239 2415 e
1305 2402 1325 2429 ‚
1368 2360 1466 2435 qui
1509 2377 1620 2422 ne«,-

251 2435 480 2495 minem
515 2435 673 2495 bonit
704 2433 819 2495 fide
858 2437 920 2493 in
952 2437 1194 2517 gratiam.
1230 2455 1394 2516 putet
1430 2437 1624 2499 redire

250 2511 420 2597 poffe
448 2558 470 2587 ‚
520 2537 642 2575 non
689 2513 940 2575 nostram
992 2519 1045 2576 is
1091 2513 1395 2595 perfidiam
1445 2539 1628 2579 coar-

252 2597 382 2678 guit
409 2638 430 2667 ‚
461 2593 561 2655 sed
591 2595 806 2656 indicat
838 2595 1038 2669 suam;
1071 2599 1355 2679 simulque
1391 2618 1513 2658 non
1544 2599 1618 2659 de

250 2692 356 2738 me
391 2677 439 2732 is
473 2673 642 2756 pejus
666 2720 686 2749 ‚
727 2676 903 2757 quem
938 2677 1012 2736 de
1043 2696 1100 2737 te
1126 2722 1147 2752 ,
1190 2680 1487 2739 existimat.
1517 2677 1621 2739 Sin

253 2771 466 2819 autem
509 2775 690 2839 quem
735 2778 869 2820 mea
911 2755 1186 2820 instituta·
1216 2763 1276 2819 in
1294 2761 1634 2898 E{novincia

1382 2860 1423 2902 v
