2007 3620
334 238 442 303 '12'
637 228 1394 301 EPISToLAnv-'M

336 342 653 408 ostenderit
695 347 805 408 sibi
841 346 1116 427 placere‚‘
1164 344 1356 408 faciet.
1399 342 1517 407 Sed
1550 338 1705 405 nosti

337 425 592 488 hominis
654 429 983 490 tarditatem
1030 473 1051 503 ‚
1112 427 1178 488 &
1235 429 1710 495 taciturnitatem.

337 504 469 569 Nos
524 524 719 570 tamen
776 508 915 570 nihil
959 552 980 582 ‚
1027 507 1188 588 quod
1244 509 1319 569 ad
1385 528 1515 569 eam
1575 524 1718 566 rema

339 592 629 671 pertineat
661 635 682 665 ‚
723 590 1229 670 praeterniittirnuS.
1265 587 1521 650 'Ceteriff
1550 582 1714 665 inju-

339 672 440 731 riis
464 716 484 745 ‚
523 690 649 751 quae
692 672 1009 751 propositae
1044 667 1171 729 sunt
1212 691 1247 728 a
1296 667 1531 730 Catone
1554 712 1575 742 ,
1606 666 1711 727 fa-

342 753 454 816 cile
488 794 510 824 ‚
559 768 630 810 ut
657 748 827 830 spero
852 794 872 824 ,
917 746 1260 810 resistemus».
1306 746 1582 809 Amicum
1634 766 1714 817 ex

344 830 739 893 consularibus
792 832 1091 891 neminem
1141 830 1247 889 tibi
1306 827 1420 891 effe
1471 829 1649 891 video
1689 872 1715 903 ,

343 930 555 993 praeter
595 910 975 973 Hortensium
995 956 1017 986 ‚
1055 910 1120 971 &
1159 910 1500 972 Lucullum:
1534 911 1714 971 ceteri

342 990 473 1054 sunt
514 994 724 1073 partim
759 992 1053 1053 obscurius
1093 993 1173 1052 ini
1256 992 1316 1067 i,
1347 993 1555 1073 partim
1586 1008 1714 1050 non

343 1073 767 1135 dissimulanter
830 1075 977 1134 irati.
1033 1070 1132 1131 Tu
1177 1010 1275 1135 ἷξε
1313 1075 1523 1133 -animo
1572 1070 1715 1132 forti

344 1174 679 1237 magnoque
722 1156 798 1214 sis
836 1199 857 1229 ,
913 1150 1379 1234 speresqnessfor'e
1425 1169 1491 1213 ut
1528 1150 1718 1212 fraffl)

345 1235 571 1316 impetu
606 1235 887 1297 levissimi
921 1234 1172 1293 hominis
1197 1248 1367 1293 ‘tuam
1389 1234 1396 1261 ⁵
1411 1230 1728 1316 pristinam-

347 1316 695 1400 dignitatem
729 1316 793 1377 δι
839 1315 1083 1398 gloriam
1122 1313 1495 1396 consequare.

350 1435 481 1537 M.
509 1443 586 1507 T.
617 1443 692 1506 C.
722 1444 788 1506 P.
820 1443 1133 1506 LENTULO
1160 1441 1460 1527 Paocos.
1493 1440 1554 1526 S.-
1586 1438 1678 1504 D.

347 1577 437 1631 ΕΤ
471 1595 500 1626 ae
542 1577 767 1645 temporis
801 1578 984 1628 medela
1005 1611 1022 1635 ‚
1067 1577 1113 1626 ὃ·
1147 1594 1178 1624 a
1204 1573 1292 1643 suo
1328 1575 1546 1644 exemplo
1573 1571 1720 1641 sola·

364 1682 377 1687 —
421 1665 502 1702 tur
536 1650 787 1702 Lentulum
837 1652 886 1701 in
929 1652 1069 1701 tardo
1099 1647 1300 1717 sperata
1336 1649 1406 1699 rei
1436 1647 1673 1721 progreffu
1700 1682 1722 1710 ,

422 1724 480 1851 g
523 1726 587 1849 αὲἰ
632 1725 777 1775 animi
815 1724 1178 1794 magnituditaeem
1217 1723 1511 1774 adhortatur.
1567 1722 1718 1776 Anno

398 1859 405 1864 .
476 1833 493 1849 .
574 1834 589 1850 .
631 1805 745 1865 697.

343 1966 412 2028 7.
436 1879 567 2036 Q
588 1966 715 2011 11AE
753 1964 1058 2031 gerantur,
1088 1948 1336 2030 accipies
1369 1964 1443 2008 ex
1483 1943 1721 2009 Pollio·-

347 2047 427 2090 ne
465 2073 484 2103 ‚
532 2033 626 2112 qui
672 2031 941 2090 omnibus
992 2050 1067 2091 ne
1111 2032 1243 2090 otiis
1281 2051 1405 2091 non
1458 2028 1720 2091 interfuit

347 2108 536 2171 solum
568 2155 590 2185 ,
636 2107 733 2171 sed
771 2108 1016 2190 praefuit.
1144 2129 1179 2171 e
1224 2110 1284 2169 in
1328 2109 1551 2170 summo
1598 2109 1718 2170 do-

345 2190 477 2252 lore
498 2236 518 2265 ‚
557 2193 824 2273 quentin
853 2192 966 2252 tuis
997 2190 1170 2251 rebus
1208 2210 1273 2249 ca
1316 2193 1377 2250 io
1405 2233 1423 2260 ,
1463 2192 1717 2253 maxime

347 2268 563 2333 scilicet
593 2270 917 2333 consolatur
946 2270 1115 2351 speS‚
1185 2272 1262 2331 ub
1337 2270 1509 2336 valde
1545 2269 1722 2351 suspi-

348 2371 456 2428 cor
496 2351 623 2415 fore
646 2398 668 2428 ‚
699 2370 763 2414 ut
795 2351 1134 2435 infringatur
1145 2292 1469 2414 ‘imminuat
1497 2354 1722 2432 impro-

349 2431 506 2494 bitas
557 2433 622 2494 &
673 2433 927 2495 consiliis
973 2451 1209 2495 tuorum
1253 2434 1571 2492 amicorum
1595 2476 1615 2505 ,
1654 2432 1720 2493 &

348 2512 473 2596 ipsa
521 2514 616 2576 die
654 2558 681 2588 ,
738 2537 867 2597 quae
919 2514 1181 2575 debilitat
1230 2512 1611 2595 cogitationes
1656 2512 1723 2574 δι

349 2595 716 2655 inimicorum
750 2640 770 2669 ‚
826 2594 892 2664 &
944 2595 1329 2676 proditorum.
1380 2592 1572 2653 Facile
1619 2590 1721 2653 se-

351 2677 544 2738 cundo
570 2676 705 2737 loco
722 2696 825 2737 me
853 2675 1178 2736 consolatur
1199 2673 1526 2735 recordatio
1555 2692 1721 2734 meo·

348 2776 485 2826 xum
518 2775 848 2840 temporum
861 2800 882 2833 ,
911 2776 1161 2841 quorum
1194 2757 1508 2841 imaginem
1536 2752 1717 2820 video
