2007 3620
222 3140 433 3303 *x

442 275 598 359 '232
746 264 1500 332 EPISTOLARUM

450 380 692 440 omnino
740 376 963 438 fefellit.
1003 374 1283 435 Dicerem
1318 421 1338 449 ‚
1382 395 1509 455 quae
1552 374 1683 434 ante
1733 372 1829 434 fu?

451 478 581 520 tura
616 456 871 518 dixissem
895 503 914 532 ‚
944 458 1005 515 ni
1054 476 1327 531 vererer,
1367 475 1441 515 ne
1479 475 1553 514 ex
1593 459 1824 516 eventis
1867 476 1871 479 ⁴

454 539 676 620 fingere
713 540 959 600 viderer.
1006 534 1122 596 Sed
1175 556 1371 597 tamen
1417 536 1651 615 plurimi
1697 535 1829 595 sum

454 620 627 682 testes
653 665 670 692 ‚
712 640 807 692 me
848 620 912 678 &
955 618 1119 677 initio
1144 660 1163 689 ‚
1213 637 1288 677 ne
1336 614 1722 697 conjungeret
1774 615 1830 677 se

430 717 596 761 'cum
637 697 861 760 Caesare
900 743 919 772 ‚
969 696 1247 758 monuiffe
1290 696 1438 757 Pom
1480 700 1643 756 eium
1690 742 1712 768 ‚
1776 697 1838 756 &

453 780 691 862 postea,
719 801 794 839 ne
825 776 1182 859 sejungeret:
1205 775 1417 855 conjun
1473 780 1612 837 ione
1643 776 1836 860 frangi

460 861 683 922 senatus
721 880 864 941 opes
909 879 925 917 ι
962 858 1341 937 disjunaione
1398 858 1572 919 civile
1615 858 1843 918 bellum

465 943 703 1003 excitari
735 940 1028 1002 videbam.
1053 939 1249 1020 Atque
1281 939 1482 1000 utebar
1517 937 1843 998 familiaris-

467 1022 613 1083 sime
659 1020 883 1082 Caesare
909 1066 928 1094 ‚
970 1020 1316 1102 Pompeium
1356 1019 1646 1078 faciebam
1698 1020 1839 1099 plu-

467 1105 601 1164 rimi
638 1124 651 1160 :
687 1101 784 1162 sed
830 1117 950 1161 erat
989 1097 1185 1161 meum
1221 1102 1527 1160 consilium
1559 1118 1747 1179 quum
1777 1099 1843 1159 fi-

469 1184 600 1244 dele
633 1182 918 1263 Pompeio
945 1225 964 1255 ‚
1000 1199 1123 1241 tum
1150 1182 1386 1242 salutare
1404 1182 1656 1260 utrique.
1686 1179 1842 1260 Quae

467 1281 747 1347 praeterea
805 1260 1160 1344 providerim
1198 1307 1220 1335 ‚
1276 1279 1557 1341 ptaetereo
1617 1282 1633 1320 ε
1703 1263 1850 1336 nolo¹

471 1348 631 1406 enim
669 1346 821 1405 hunc
854 1344 928 1403 de
955 1363 1054 1404 me
1094 1344 1318 1424 optime
1347 1344 1616 1402 meritum
1652 1342 1847 1403 existi-

476 1446 636 1486 mare
654 1470 673 1500 ,
709 1446 776 1485 ea
801 1444 901 1483 me
928 1421 1148 1484 suasisse
1173 1422 1317 1503 Pom
1363 1425 1456 1483 eio
1479 1468 1496 1495 ‚
1518 1423 1730 1501 quibus
1753 1423 1849 1484 ille

476 1508 526 1566 si
563 1503 828 1586 paruisset
850 1548 873 1574 ,
905 1500 1044 1563 effet
1080 1505 1174 1563 hic
1200 1505 1298 1583 qui
1343 1523 1438 1563 em
1466 1504 1651 1562 clarus
1673 1505 1738 1561 in
1762 1520 1851 1565 to-

476 1606 551 1669 ga
574 1630 592 1659 ‚
631 1584 695 1644 &
739 1586 1005 1665 princeps
1034 1604 1053 1656 ·,
1083 1583 1180 1658 sed
1217 1601 1401 1643 tantas
1441 1604 1630 1664 ope5‚
1665 1606 1848 1665 quan-

475 1685 562 1726 tas
600 1686 749 1724 nunc
796 1664 1008 1735 habet,
1041 1687 1159 1725 non
1196 1665 1456 1724 haberet.
1495 1662 1848 1725 Eundumin

479 1744 819 1827 Hispaniam
862 1744 1053 1807 censui
1092 1768 1111 1820 ·,
1153 1746 1311 1826 quod
1359 1748 1404 1804 si
1442 1743 1666 1805 feciffet
1697 1790 1720 1816 ,
1766 1749 1849 1805 ci-

477 1829 595 1891 vile
630 1828 848 1887 bellum
873 1827 1092 1886 nullum
1132 1829 1377 1886 orn—nino
1413 1825 1619 1886 fuiffet.
1648 1825 1854 1889 Ratio·

456 1928 620 1969 >nem
654 1908 848 1967 haberi
885 1906 1129 1967 absentis
1166 1929 1287 1966 non
1328 1925 1446 1967 tam
1493 1911 1753 1989 pugnavi
1796 1927 1855 1968 ut

482 1989 682 2048 liceret
707 2033 725 2060 ‚
756 1987 928 2067 quam
962 2006 1059 2060 ut,
1102 1991 1378 2068 quoniam
1399 2034 1418 2060 ‚
1463 1989 1587 2070 ipso
1626 1989 1855 2052 consule

481 2085 774 2149 pugnante
814 2112 836 2140 ‚
876 2068 1126 2146 populus
1181 2067 1406 2148 jusserat
1448 2113 1468 2142 ‚
1528 2069 1855 2133 haberetur.

488 2147 677 2208 Causa
717 2164 842 2207 orta
891 2147 1025 2207 belli
1067 2147 1149 2208 est
1193 2171 1208 2208 ε
1262 2150 1400 2230 quid
1445 2171 1559 2232 ego
1610 2169 1855 2230 praeter-

452 2231 618 2290 -misi
667 2246 763 2289 aut
808 2231 1172 2288 monitorum
1208 2275 1231 2301 ‚
1294 2248 1389 2291 aut
1446 2231 1847 2310 querelarum,

485 2330 668 2390 quum
713 2309 812 2371 vel
848 2311 1266 2389 iniquissimam
1309 2331 1513 2390 pacem
1558 2309 1853 2388 iustissumo

489 2391 649 2450 bello
674 2387 1021 2451 anteferrem
1045 2389 1072 2450 ἔ
1087 2389 1256 2450 νίἂει
1275 2390 1355 2452 est
1378 2390 1681 2453 auctoritas
1696 2414 1860 2468 mea,

488 2491 611 2529 non
649 2489 766 2530 tam
798 2493 832 2529 a
855 2470 1145 2551 Pompeio
1180 2470 1364 2552 (nam
1385 2475 1432 2531 is
1468 2474 1859 2556 movebatur)

493 2550 669 2632 quam
706 2551 776 2610 ab
810 2553 875 2610 iis
901 2596 923 2625 ‚
946 2555 1052 2633 qui
1078 2552 1226 2612 duce
1246 2552 1530 2632 Pompeio
1564 2552 1708 2614 freti·
1734 2576 1858 2635 per-

491 2648 881 2725 opp-ortanam
924 2633 992 2691 ὃς
1030 2633 1199 2693 rebus
1242 2632 1567 2694 domesticis
1610 2635 1674 2694 &
1712 2638 1859 2715 cupi·

496 2710 765 2771 ditatibus
794 2710 903 2770 suis
939 2713 1089 2772 illius
1117 2714 1254 2774 belli
1275 2713 1573 2775 vicioriam
1602 2713 1735 2776 fore
1758 2735 1854 2794 pu·

502 2791 719 2855 tabam..
749 2791 1092 2883 Susceptutn
1124 2794 1345 2857 bellum
1390 2793 1470 2857 est
1494 2839 1514 2870 ,
1542 2796 1863 2877 quiescente
