2007 3620
257 294 378 362 AD
411 297 851 375 FAMILIAR.
881 303 1060 377 Lm.
1095 311 1245 379 VII.
1289 310 1386 383 28
1392 317 1439 406 ς’

133 399 256 464 Mihi
294 412 635 488 perturbatio
674 417 849 475 animi
880 420 999 491 tui,
1038 440 1210 500 quam
1249 426 1445 503 primis

133 480 300 547 litteris
342 491 747 573 perspiciebam
779 540 802 566 ,
853 498 1173 561 molestiam
1207 505 1391 566 attulit
1425 527 1444 566 ε

129 580 290 644 neque
342 572 446 631 alia
481 574 595 633 ulla
645 574 753 633 fuit
796 575 957 637 causa
1005 580 1443 644 intermissionis

129 641 490 725 epistolarum,
521 655 628 714 nisi
661 656 822 735 quod
847 701 866 730 ‚
917 656 1014 717 ubi
1051 660 1194 722 esses
1219 708 1237 737 ,
1272 664 1445 743 plane

128 723 426 791 nesciebam.
495 734 609 793 Hic
645 753 706 796 tu
748 756 845 796 me
877 741 1052 798 etiam
1083 744 1378 805 insimulas
1420 790 1443 819 ‚

127 821 214 862 nec
249 806 670 875 satisfaciionem
713 836 904 876 meam
945 822 1178 903 accipis.
1226 822 1384 885 Audi
1418 870 1441 900 ,

128 878 272 947 Testa
300 893 394 951 mi.
433 892 644 954 Utrum
674 894 1065 977 superbiorem
1099 920 1157 961 te
1193 908 1441 983 pecunia

124 959 236 1023 facit
271 1011 289 1040 ,
351 993 420 1031 an
460 976 624 1055 quod
665 993 726 1035 te
772 978 1093 1055 imperator
1133 984 1372 1046 consulit
1411 985 1438 1045 ἶ

128 1040 315 1107 Moriar
355 1054 450 1126 ni,
488 1076 617 1135 quae
662 1071 759 1115 tua
842 1057 983 1118 loria
1028 1058 1153 1134 est,
1190 1080 1333 1142 puto
1372 1083 1434 1125 te

128 1125 263 1185 malle
301 1151 333 1189 a
374 1132 597 1195 Caesare
639 1078 855 1197 consuffi
884 1182 901 1209 ‚
960 1139 1134 1220 quam
1171 1143 1437 1206 inaurari.

127 1199 173 1261 si
199 1210 326 1267 verb
354 1229 660 1296 utrumque
689 1215 806 1288 est;
836 1221 961 1299 quis
988 1236 1046 1279 te
1078 1220 1256 1296 feret,
1334 1245 1438 1283 rae-

127 1297 197 1342 ter
223 1308 306 1350 me
331 1336 349 1365 ,
388 1298 484 1375 qui
519 1297 718 1355 omnia
751 1296 899 1357 ferre
934 1298 1160 1378 poffum
1194 1301 1216 1361 ἓ
1309 1304 1382 1363 ed
1416 1349 1439 1379 ,

125 1379 176 1421 ut
205 1367 267 1427 ad
309 1392 424 1432 rem
463 1376 700 1436 redeam
726 1421 745 1450 ,
780 1394 839 1437 te
874 1375 992 1447 istic
1034 1381 1277 1441 invitum
1312 1403 1435 1443 non

126 1440 241 1517 effe,
261 1452 631 1516 vehementer
655 1456 916 1538 gaudeo;
943 1458 1003 1517 &
1021 1504 1040 1530 ‚
1065 1463 1287 1522 utillud
1316 1482 1438 1525 erat

127 1526 382 1591 molestum
403 1580 420 1607 ‚
448 1538 525 1595 sic
557 1537 669 1596 hoc
701 1534 785 1597 est
810 1535 1145 1616 jucundum.
1176 1540 1435 1604 Tantum

128 1618 287 1668 metuo
321 1656 340 1685 ‚
396 1635 466 1675 ne
517 1615 829 1689 artificium
877 1635 1040 1677 tuum
1084 1622 1188 1681 tibi
1233 1628 1438 1703 parum'

129 1690 289 1758 prosit.
327 1691 510 1772 Nam,
554 1714 617 1757 ut
652 1697 827 1757 audio
852 1741 872 1771 ,
905 1695 1026 1758 istic
1043 1742 1063 1772 ‚

129 1805 219 1861 Non
244 1832 298 1865 ex
317 1819 418 1882 jure
439 1822 609 1873 manu?
627 1819 884 1891 consertum
899 1857 918 1880 ‚
937 1821 1030 1892 fid
1053 1840 1184 1893 mage
1196 1822 1336 1896 sere-q
1423 1866 1428 1891 :

127 1899 220 1953 Rem
247 1926 465 1977 repetunt.

129 2003 188 2070 Et
215 2031 265 2076 tu
298 2020 434 2082 soles
474 2021 554 2084 ad
594 2024 716 2084 vim
751 2021 1075 2085 faciendam
1114 2025 1368 2089 adhiberi
1410 2025 1436 2088 ἓ

127 2082 294 2174 Neque
330 2101 405 2161 est
435 2149 457 2177 ‚
512 2103 674 2182 quod
720 2104 876 2164 illam
926 2109 1332 2186 exceptionem
1373 2109 1437 2168 in

127 2167 376 2242 interdifio
423 2183 792 2263 pertimest'as
824 2231 843 2258 ‚
889 2188 1061 2268 Quod
1089 2205 1147 2246 tu
1183 2193 1337 2267 prior
1377 2190 1441 2249 νί

132 2248 380 2321 hominibus
420 2267 652 2323 armatis
681 2287 788 2324 non
825 2269 1077 2325 veneris:
1123 2266 1237 2324 scio
1278 2269 1439 2326 enim
1507 2324 1510 2327 .

128 2340 177 2386 te
207 2353 304 2396 non
338 2342 446 2404 effe
490 2351 800 2424 procacem
839 2346 896 2402 in
938 2343 1284 2403 lacess'endO.
1317 2345 1436 2406 Sed

125 2424 178 2467 ut
204 2432 300 2496 ego
340 2444 571 2505 quoque
611 2441 669 2482 te
720 2423 936 2503 aliquid
977 2422 1324 2483 admoneam
1362 2424 1439 2484 de

124 2489 288 2556 nostris
311 2505 698 2564 cautionibus:
723 2501 1003 2563 Treviros
1028 2505 1175 2563 vites
1202 2503 1442 2565 censeo:

126 2571 264 2635 audio
300 2584 564 2662 capitales
602 2581 711 2644 esse
734 2603 753 2641 z
793 2583 1027 2645 mallem
1058 2606 1197 2673 auro
1221 2630 1240 2658 ,
1282 2605 1393 2645 aere
1416 2629 1439 2656 ,

125 2666 326 2786 aagento
378 2661 571 2723 ess'ent.
627 2662 745 2723 Sed
790 2664 925 2723 alias
966 2661 1307 2739 iocabimur.
1336 2661 1437 2724 Tu

127 2745 152 2782 ὃ
210 2755 292 2797 me
330 2740 400 2801 de
435 2740 548 2802 istis
585 2742 751 2802 rebus
786 2744 1055 2803 omnibus
1092 2743 1296 2803 scribas
1332 2763 1441 2803 ve·

128 2802 201 2868 lim
233 2811 400 2898 quam
441 2823 891 2907 diligentissime.
937 2823 1021 2888 A.
1060 2824 1119 2886 d.
1146 2840 1238 2885 xv,
1272 2820 1331 2893 N
1334 2843 1440 2888 on.

122 2880 265 2958 Mart.
