2007 3620
373 316 468 391 18
668 310 1419 387 Epzsrounvu

362 448 487 495 non
550 452 661 493 nos
728 432 964 515 quidem
1031 446 1094 491 ut
1159 428 1364 491 n'ostrae
1429 424 1733 513 dignitatis

354 517 544 575 simus
585 514 751 577 obliti
784 558 805 587 ‚
839 512 938 573 sed
978 530 1044 574 ut
1084 511 1397 577 habeamus
1435 515 1725 574 rationem

360 594 672 676 aliquando
702 597 875 656 etiam
910 586 1121 654 salutis·
1155 592 1386 655 Poterat
1415 608 1727 674 utrumque

355 718 361 725 -
434 675 632 737 aeclare
665 720 689 749 ‚
748 677 797 734 si
846 671 984 737 effet
1038 669 1181 733 fides
1215 709 1238 745 ‚
1286 677 1334 735 si
1381 678 1626 756 gravitas
1663 675 1727 735 in

404 755 691 819 ominibus
729 753 1152 815 consularibus:
1197 751 1296 814 sed
1333 773 1492 816 tanta
1535 752 1616 814 est
1660 756 1726 815 in

405 835 647 916 lei-isque
691 836 898 898 levitas
939 879 959 908 ,
1003 851 1078 897 ut.
1104 855 1223 895 eos.
1253 856 1375 895 non
1421 855 1541 897 tam
1575 856 1722 896 con·

359 858 561 980 {antia
593 920 652 979 in
687 938 749 978 re
793 917 984 977 ublica
1018 913 1213 980 nostra
1234 914 1516 989 deleRet‘,
1546 915 1723 996 quam

358 996 635 1077 splendor
675 939 956 1059 offgndat.
996 996 1189 1075 Quod
1223 998 1296 1058 eb
1340 998 1604 1059 libentius
1645 997 1722 1059 ad

359 1093 422 1139 te
462 1077 679 1149 scribo,
739 1080 900 1161 qubd
945 1096 1012 1138 tu
1052 1100 1172 1139 non
1213 1077 1400 1141 solum
1439 1079 1724 1158 tempori-

356 1158 466 1221 bus
517 1161 584 1222 iis
621 1204 642 1233 ‚
691 1175 820 1242 quae
869 1179 975 1239 per.
1010 1176 1070 1219 te
1111 1154 1236 1220 sum
1273 1160 1516 1238 adeptus
1554 1202 1574 1231 ,
1626 1156 1726 1219 sed

361 1241 538 1301 etiam
570 1241 714 1303 olim
752 1240 1011 1303 nascenti
1046 1241 1232 1320 prope
1275 1237 1477 1301 nostrae
1511 1239 1665 1298 laudi
1700 1283 1726 1314 ‚.

362 1321 627 1403 dignitati
653 1366 673 1396 ,
719 1322 1034 1401 virtutique
1071 1317 1381 1401 praefuisti:
1431 1320 1724 1401 simulque

359 1403 520 1482 qubd
565 1403 743 1463 video
770 1448 790 1475 ,
841 1422 964 1462 non
1002 1419 1068 1460 ut
1108 1401 1352 1460 antehac
1391 1401 1665 1479 putabam
1700 1443 1724 1476 ,

357 1484 608 1542 novitati
651 1481 764 1542 esse
819 1479 1063 1549 invisum
1118 1499 1300 1541 meae:
1349 1483 1409 1538 in
1460 1497 1518 1541 te
1563 1482 1724 1541 enim

356 1562 599 1623 homine
637 1560 899 1622 omnium
931 1560 1291 1622 nobilissimo
1327 1562 1531 1620 similia
1561 1561 1718 1621 invi-

357 1642 567 1703 dorum
609 1646 752 1704 vitia
794 1640 1058 1723 perspexi
1097 1687 1114 1709 ,
1177 1661 1352 1722 quem
1393 1658 1588 1702 tamen
1637 1642 1726 1703 illi

357 1720 471 1785 esse
508 1725 568 1784 in
591 1725 953 1821 principibus
988 1720 1154 1783 facile
1191 1722 1319 1784 sunt
1345 1725 1541 1801 passi,
1570 1742 1723 1782 evo-

357 1805 478 1867 lare
512 1806 675 1866 aluus
708 1803 861 1868 certe
895 1803 1223 1863 noluerunt.
1267 1801 1519 1864 Gaudeo
1554 1821 1718 1863 tuam

359 1884 702 1946 dissimilem
738 1882 895 1943 fuiffe
929 1883 1254 1942 fortunam:
1286 1883 1533 1944 multum
1561 1887 1725 1945 enim

345 1963 623 2035 interest,
651 1967 844 2037 utrum
868 1963 991 2022 laus
1021 1965 1429 2037 imminuatur,
1465 1987 1538 2024 an
1573 1963 1728 2026 salus

346 2043 668 2106 deseratur.
712 2043 815 2104 Me
850 2062 997 2103 meae
1027 2061 1223 2104 tamen
1264 2065 1338 2105 ne
1377 2047 1548 2105 nimis
1584 2066 1724 2125 poe-

352 2128 571 2186 niteret
595 2170 616 2198 ‚
661 2124 764 2184 tua
817 2127 1026 2184 virtute
1067 2123 1382 2206 perfee'cum
1418 2124 1499 2186 est
1533 2145 1549 2185 t
1605 2147 1720 2187 cu-

347 2204 485 2270 rasti
527 2209 684 2265 enim
716 2250 737 2279 ‚
795 2221 858 2266 ut
901 2205 1030 2285 plus
1065 2205 1322 2267 additum
1358 2208 1433 2266 ad
1478 2226 1726 2267 memo-

352 2289 501 2347 riam
548 2287 795 2347 nominis
835 2284 1054 2356 nostri,
1090 2287 1267 2368 quam
1312 2287 1613 2368 demptum
1642 2288 1720 2351 de

347 2366 588 2430 fortuna
623 2368 936 2428 videretur.
976 2366 1068 2427 Te
1111 2369 1258 2429 verb
1289 2388 1507 2428 moneo
1538 2388 1722 2447 quum

350 2446 649 2512 beneficiis
674 2451 786 2510 tuis
807 2493 826 2522 ,
855 2467 979 2509 tum
1010 2470 1210 2509 amore
1241 2450 1506 2508 incitatus
1538 2468 1675 2510 meo
1698 2495 1721 2524 ‚

353 2544 422 2591 ut
457 2550 698 2591 omnem
742 2531 1022 2613 gloriam,
1062 2529 1136 2588 ad
1177 2550 1354 2609 quam
1396 2551 1431 2589 a
1472 2532 1724 2610 pueritia

353 2611 743 2673 inflammatus
773 2608 920 2670 fuisti
949 2654 971 2683 ,
1031 2612 1196 2669 omni
1244 2609 1378 2670 cura
1415 2627 1586 2692 atque
1617 2614 1722 2671 in·-

351 2690 562 2753 dusttia
587 2690 932 2772 consequare
949 2710 971 2763 ;‘
994 2692 1566 2773 magnitudinemque
1581 2694 1716 2752 ani.-

353 2775 438 2832 mi
474 2777 601 2848 tui,
657 2793 829 2854 quam
865 2792 979 2854 ego
1022 2769 1248 2854 semper
1291 2773 1413 2835 sum
1462 2772 1716 2832 adrnira-

353 2867 446 2926 tus
469 2899 489 2929 ,
533 2854 872 2936 semperque
913 2856 1152 2928 amavi,
1198 2874 1271 2930 rie
1313 2873 1589 2932 umquam
1623 2856 1718 2920 in-
