2007 3620
484 277 637 355 332
782 260 1557 334 EptsToLARvM

478 394 671 454 neque
723 376 781 435 in
829 377 1160 458 provincias
1206 378 1453 459 profecti
1506 378 1683 441 effent
1723 427 1751 456 ‚⁴
1796 382 1855 445 in

481 453 700 515 sortem
745 454 1207 535 conjicerentur,
1257 461 1453 539 quoad
1489 464 1537 521 is
1580 484 1855 525 numerus

489 533 723 596 effeRus
766 536 941 612 esset,
975 558 1154 619 quem
1185 539 1259 598 ad
1288 561 1596 601 numerum
1628 545 1688 602 in
1723 566 1864 623 pro·

488 618 707 676 vincias
734 620 886 678 mitti
919 637 1239 700 oporteret.
1275 618 1337 679 Si
1371 626 1497 701 'quis
1530 624 1665 682 huic
1696 623 1761 684 S.
1791 624 1862 686 C.

494 697 896 758 intercessisset
948 742 969 773 ,
1034 698 1339 761 auctoritas
1397 702 1864 783 perscriberetur.

497 780 654 837 Huic
687 777 1151 860 senatusconfitlto
1187 783 1489 843 intercessit
1518 787 1581 845 C.
1624 786 1674 845 C
1674 788 1832 846 oelius
1842 820 1869 861 ‚-

503 859 569 919 6.
616 859 808 937 Pansa
846 905 864 928 ‚
932 861 1133 920 tribuni
1173 863 1376 940 plebis.
1438 864 1556 923 Illa
1609 887 1867 945 praeterea

506 941 607 997 Cn.
650 941 904 1019 Pompeii
934 942 1072 1020 sunt
1109 945 1487 1022 animadversa
1510 982 1545 1016 ‚-
1570 968 1694 1024 quae
1743 970 1866 1007 nta-

494 1018 640 1077 xime
679 1022 1057 1098 confidentiam
1088 1024 1389 1082 attulerunt
1423 1026 1737 1085 hominibus
1756 1074 1778 1101 ‚
1812 1047 1871 1088 ut

501 1101 701 1159 diceret
723 1144 741 1172 ‚
766 1101 832 1177 se
868 1121 992 1161 ante
1030 1103 1175 1162 Kal.
1210 1102 1388 1163 Mart.
1423 1127 1531 1166 nnn
1565 1104 1719 1184 poffi
1754 1112 1868 1167 sine

505 1182 562 1238 in
577 1177 714 1238 'uria
744 1182 810 1237 de
840 1183 1149 1262 provinciis
1184 1183 1410 1263 casaris
1436 1186 1674 1264 statuere
1699 1208 1729 1259 ;
1759 1190 1872 1269 post

500 1201 646 1319 Klal.
714 1263 889 1321 Mart.
941 1262 1005 1342 se
1060 1285 1171 1322 non
1236 1265 1625 1326 dubitaturum.
1686 1274 1871 1349 Quum

501 1339 918 1422 interrogaretur
937 1386 955 1414 ‚
1014 1344 1065 1401 si
1118 1344 1213 1421 qui·
1260 1364 1370 1404 tum
1418 1348 1808 1409 intercederent
1843 1370 1871 1421 ‚⁸

503 1420 691 1492 dixit,
733 1423 834 1480 hoc
867 1424 1014 1481 nihil
1046 1422 1281 1501 interesse
1304 1470 1327 1497 ,
1362 1426 1537 1486 mrim:
1580 1429 1651 1488 C.
1695 1430 1871 1509 Caesar

491 1498 711 1577 fenana‘
750 1503 888 1560 dieto
937 1505 1174 1564 audiens
1193 1503 1422 1584 futurus
1450 1530 1560 1567 non
1597 1507 1724 1587 effet
1745 1555 1769 1581 ,
1803 1532 1872 1571 an

495 1597 722 1657 pararet
759 1582 853 1659 qui
878 1581 1131 1661 finarum
1172 1589 1447 1647 decernere
1494 1611 1604 1648 non
1683 1588 1873 1650 atere-

504 1677 611 1720 tur.
649 1663 806 1741 Quid
835 1663 929 1736 si,
975 1665 1152 1743 inquit
1193 1668 1342 1727 alius
1365 1713 1385 1739 ,
1422 1668 1475 1727 f·—
1514 1691 1615 1727 con
1640 1672 1706 1729 ul
1735 1670 1870 1749 effi,

510 1739 564 1800 6·
609 1744 898 1802 exercitum
932 1745 1121 1804 habere
1157 1749 1303 1806 volet
1326 1750 1357 1807 ?
1399 1751 1481 1809 At
1520 1750 1619 1807 ille
1646 1794 1672 1822 ,
1711 1755 1872 1832 qua'm

509 1821 792 1883 clemen-ter
821 1847 839 1884 .·
889 1828 1023 1903 quid
1054 1831 1105 1886 si
1134 1827 1295 1906 filins
1333 1851 1480 1887 meus
1512 1827 1706 1910 fiestem
1742 1834 1871 1892 milti

508 1901 797 1983 impingere
847 1907 995 1966 volet
1034 1909 1067 1967 ἒ
1115 1911 1231 1968 His
1270 1911 1497 1970 vocibus
1518 1955 1540 1982 ,
1588 1932 1652 1971 ut
1694 1917 1873 1995 existi-

509 2001 716 2041 marent
769 1986 1008 2045 homines
1047 1988 1308 2070 Pompeio
1361 2012 1478 2051 cum
1533 1991 1744 2071 Caesare
1784 1991 1871 2072 effi

505 2066 776 2140 negotium
810 2109 829 2137 ‚
873 2064 1069 2146 effecit.
1114 2069 1308 2149 Itaque
1332 2070 1457 2151 jam
1496 2116 1515 2144 ,
1561 2089 1624 2131 ut
1660 2077 1870 2147 video,

513 2143 920 2204 alteramutram
1001 2150 1081 2206 ad
1145 2151 1505 2213 conditionem
1569 2153 1872 2232 descendere

508 2224 637 2282 vult
672 2223 850 2303 Caefizr
869 2270 892 2297 ,
916 2247 979 2287 ut
1002 2249 1102 2289 aut
1130 2251 1387 2305 maneat,
1404 2254 1573 2310 neque
1602 2236 1708 2294 hoc
1736 2257 1871 2296 anno

495 2301 591 2383 fici
627 2306 770 2363 ratio
810 2307 1076 2368 habeatur
1104 2329 1124 2382 3
1163 2329 1299 2385 aut,
1335 2316 1386 2372 si
1425 2315 1705 2394 designari
1728 2322 1873 2398 pote-

506 2387 617 2456 tit,
677 2388 921 2448 decedat.
981 2391 1147 2451 Curio
1193 2391 1258 2471 se
1314 2412 1503 2454 contra
1545 2417 1663 2455 eum
1710 2417 1873 2458 totum

503 2483 692 2543 parat.
742 2470 900 2546 Quid
949 2468 1150 2549 affiqui
1194 2471 1375 2549 p'ossit
1397 2518 1416 2547 ‚
1470 2474 1684 2551 nescio.
1728 2477 1877 2537 Illud

511 2545 675 2603 video
695 2589 712 2614 ‚
746 2547 875 2605 bene
898 2548 1210 2625 sentientem
1230 2597 1253 2623 ‚
1289 2557 1392 2613 etsi
1430 2550 1573 2614 nihil
1611 2555 1871 2636 effecerit,

515 2626 705 2682 cadere
739 2648 867 2707 non·
885 2628 1049 2706 poſje.
1084 2635 1180 2691 Me
1216 2638 1412 2695 tradat
1445 2634 1750 2696 liberaliter
1781 2642 1876 2696 Cu·

514 2706 598 2764 tio
621 2748 641 2774 ,
695 2705 749 2763 δ’
780 2707 911 2765 νηὶΙιὶ
931 2711 1036 2786 suo
1070 2733 1291 2771 munere·
1313 2718 1581 2796 negotium
1615 2719 1876 2797 impofitit.

516 2787 671 2848 Nam
711 2787 763 2845 si
799 2789 1070 2852 mikinon
1112 2791 1331 2872 dedtffet
1363 2818 1498 2868 eas,
1530 2818 1648 2876 quae
1681 2802 1762 2859 ad
1789 2800 1877 2877 lu:
