2007 3620
287 273 428 343 Ao
460 274 914 345 FAMILIAR„
943 271 1306 344 L13.WI.
1358 275 1515 374 289

138 485 241 547 17.
271 398 380 529 E
401 485 448 529 x
501 469 612 531 tuis
653 471 854 532 litteris
879 514 898 542 ‚
972 467 1039 531 ὅτ.
1080 468 1312 551 Quinto
1358 470 1524 535 fratri

131 549 354 633 gratias
405 552 501 633 egi
546 595 567 625 ‚
632 550 697 612 ὃ(
733 567 791 614 te
833 550 1146 631 aliquando
1191 553 1521 615 coliaudare

130 630 376 713 poss'um
420 676 439 704 ,
503 631 663 710 qubd
704 629 824 710 jam
869 632 1087 693 videris
1124 649 1282 692 certa
1322 635 1517 715 aliqua
1576 709 1583 715 ·

130 714 195 771 in
254 709 542 771 sententia
599 709 917 773 constitisse.
982 710 1141 772 Nam
1194 714 1519 795 primorum

130 794 438 852 mensium
468 791 668 851 litteris
696 795 805 853 tuis
838 791 1221 854 vehementer
1253 815 1521 855 commo·-

130 873 330 935 vebar
349 918 371 946 ‚
441 871 603 952 qubd
649 873 791 932 mihi
832 873 1122 933 interdurn
1164 870 1192 954 (
1234 896 1379 954 pace
1417 877 1522 937 tua

133 955 398 1014 dixerim
430 951 458 1034 )
493 953 638 1014 levis
669 954 730 1012 in
756 953 911 1015 urbis
938 952 1379 1037 urbanitatisque
1418 957 1522 1017 dez

136 1035 367 1096 siderio
398 1077 418 1106 ,
455 1033 746 1093 interdum
792 1035 958 1115 piger
980 1075 998 1105 ,
1042 1036 1329 1095 interdum
1363 1039 1521 1098 timi·

137 1116 251 1176 dus
281 1116 345 1174 in
375 1113 573 1173 labore
608 1112 872 1187 militari,
902 1113 1051 1192 saepe
1082 1132 1277 1175 autem
1305 1120 1517 1191 etiam,

126 1195 311 1278 qubd
357 1211 487 1256 ate
520 1194 899 1253 alienissimus
941 1237 960 1267 ‚
1012 1194 1074 1254 &
1114 1194 1523 1276 subimpudens

138 1276 465 1339 videbare:
506 1291 802 1355 tamquam
836 1276 994 1335 enirn
1025 1273 1410 1357 syngrapham
1442 1277 1522 1337 ad

138 1359 569 1439 imperatorem
605 1402 627 1430 ‚
688 1375 815 1417 non
854 1352 1156 1435 epistolam
1205 1354 1475 1417 attuliffes
1502 1401 1525 1431 ,

142 1442 228 1499 sie
258 1483 280 1511 ‚
330 1437 584 1517 pecunia
619 1436 809 1498 ablata
833 1481 853 1510 ,
892 1436 1134 1496 domum
1169 1436 1358 1497 redire
1388 1457 1527 1516 pree

144 1517 399 1601 per-abas
435 1536 454 1589 ;
511 1538 621 1577 nec
658 1517 762 1577 tibi
792 1520 852 1575 in
890 1533 1150 1578 mentem
1192 1517 1469 1579 veniebat
1497 1563 1521 1593 ,

148 1621 258 1661 eos
295 1596 455 1679 ipsos
479 1640 498 1670 ‚
540 1597 640 1678 qui
683 1617 815 1658 cum
842 1596 1200 1679 ‚syngraphis
1239 1596 1525 1660 venissent

154 1677 576 1740 Alexandriam
620 1720 641 1750 ‚
701 1697 1005 1738 nummum
1057 1678 1244 1737 adhuc
1299 1678 1523 1746 nullum

151 1759 383 1822 auferre
422 1756 686 1839 potuisse.
740 1756 869 1841 Ego
891 1804 913 1834 ‚
974 1759 1024 1817 si
1060 1760 1178 1819 mei
1226 1759 1527 1820 commodi

148 1843 452 1903 rationem
488 1839 889 1912 ducerem,-te
917 1859 1150 1900 mecum
1187 1835 1296 1899 effe
1340 1842 1528 1906 maxi:-

150 1924 256 1984 me
298 1921 558 1985 vellem:
621 1939 743 1980 non
783 1922 940 1981 enim
983 1921 1263 1990 mediocri
1298 1919 1528 1989 afficio-2

150 2006 269 2067 bar
297 2003 399 2066 vel
421 2002 723 2082 voluptate
755 2020 829 2061 ex
861 1999 1274 2063 consuetudine
1303 2001 1527 2077 aestua)

153 2086 262 2147 vel
290 2085 537 2145 utilitate
578 2102 650 2142 ex
694 2081 937 2143 consilio
976 2099 1151 2165 atque
1192 2099 1374 2165 opera·
1410 2101 1531 2153 ruffi.

155 2165 285 2228 Sed
322 2184 500 2245 quum
538 2180 595 2223 te
628 2182 702 2223 ex
737 2162 1122 2225 adolescentia
1159 2180 1258 2223 tua
1293 2166 1354 2224 in
1388 2168 1533 2232 ami,-

166 2248 367 2306 citiam
408 2244 472 2304 &
503 2241 682 2304 fidem
717 2264 914 2303 meam
958 2240 1282 2311 contulisses
1313 2243 1532 2316 „sem-

158 2346 283 2410 per
330 2343 385 2386 te
435 2347 556 2385 non
609 2324 794 2386 modb
846 2324 1129 2391 tuendum
1155 2362 1160 2391 3
1185 2320 1327 2389 mihi
1346 2364 1386 2395 2,
1433 2322 1535 2389 sed

148 2410 350 2473 „etiam
382 2405 713 2489 augendum
749 2421 921 2484 atque
956 2400 1541 2482 ornandum;,putayi.

161 2490 379 2571 Itaque
428 2487 625 2570 quoad
674 2488 942 2566 opinatus
990 2483 1117 2555 sum
1150 2501 1246 2543 me
1286 2484 1345 2551 in
1390 2505 1542 2566 proq-

162 2573 430 2634 vinciam
470 2570 757 2629 exiturum
780 2611 800 2641 ,
861 2586 989 2647 quae
1024 2565 1096 2625 ad
1131 2581 1189 2625 te
1227 2563 1381 2626 ultro
1426 2567 1544 2626 de·-

162 2653 440 2725 tulerim‚
473 2646 790 2709 meminiffe
823 2664 882 2708 te
908 2647 1107 2708 credo.
1140 2643 1343 2707 Postea
1364 2647 1543 2726 quam

168 2755 307 2795 mea
339 2745 563 2791 mutata
594 2731 740 2789 ratio
775 2725 856 2788 est
880 2772 899 2802 ,
934 2734 1116 2810 quum
1144 2726 1410 2788 viderem
1446 2747 1544 2786 me

171 2836 206 2878 a
255 2810 492 2876 Caesare
536 2807 1119 2873 honorificentissime
1171 2806 1393 2868 metari
1413 2852 1432 2883 ,
1484 2808 1552 2872 &

253 2898 468 2961 Tamus
505 2892 624 2963 XI.
1250 2885 1309 2948 N

1557 3226 1730 3375 'f
