2007 3620
455 239 655 311 106·
749 239 1506 324 EPISTOLARUM

443 376 568 418 non
602 353 886 415 delectant
909 400 929 429 ‚
964 353 1034 416 δι’
1060 359 1308 439 quadam
1350 351 1832 421 dissimilitudine

444 435 829 497 institutorum
874 458 1138 499 meorum
1183 460 1248 499 ac
1296 456 1529 499 tuorum
1578 439 1712 498 laedi
1766 440 1830 501 se

404 529 408 534 ⁴
443 535 611 599 puoet
636 539 654 591 ;
680 539 872 599 quum
901 536 1141 599 uterque
1172 518 1430 580 nostrum
1467 516 1617 579 recte
1652 519 1826 582 fece-

428 601 520 662 sit
556 644 576 673 ‚
637 598 731 659 sed
775 621 894 658 non
937 602 1098 660 idem
1135 615 1377 682 uterque
1407 599 1638 661 -secutus
1682 604 1763 660 sit
1801 622 1826 675 ς

445 677 597 740 hunc
637 700 749 761 ego
793 682 1042 739 amicum
1089 681 1303 743 habere
1342 704 1460 742 non
1509 702 1674 740 curo,
1723 683 1825 742 Li-

443 760 708 823 beralitas
749 778 846 820 tua
867 805 887 832 ‚
923 779 987 821 ut
1020 762 1271 823 hominis
1303 763 1688 836 nobilissimi,
1730 762 1820 822 la·

444 844 555 902 tilis
591 845 652 899 in
691 844 991 921 provincia
1029 846 1247 923 patuit':
1287 842 1479 903 nostra
1517 845 1563 903 si
1605 843 1816 925 angus-

441 924 556 983 tior
593 965 613 995 ‚
674 922 740 982 &
783 924 833 981 si
890 923 964 984 de
1008 940 1106 985 tua
1158 925 1380 1006 prolixa
1426 921 1814 1006 beneficaque

439 1021 642 1063 natura
702 1003 928 1063 limavit
977 1005 1191 1086 aliquid
1243 1003 1524 1087 posterior
1571 1026 1757 1066 annus
1788 1052 1812 1081 ‚

438 1104 682 1166 propter
725 1085 1036 1166 quamdam
1093 1084 1366 1147 tristitiam
1415 1105 1750 1166 temporum
1786 1108 1807 1161 ;

442 1185 564 1224 non
625 1165 842 1226 debent
893 1169 1087 1226 mirari
1138 1168 1403 1228 homines
1433 1213 1454 1243 ‚
1515 1186 1694 1248 quum
1742 1168 1811 1229 &

438 1247 641 1306 natura
685 1245 912 1328 semper
966 1247 1041 1306 ad
1088 1248 1442 1331 largiendum
1499 1268 1573 1308 ex
1612 1249 1808 1310 alieno

420 1327 644 1388 ,fuerim
687 1326 1023 1400 restriffior,
1062 1329 1127 1389 &
1163 1330 1518 1410 temporibus
1543 1375 1562 1404 ,
1595 1331 1807 1411 quibus

435 1409 535 1469 alii
579 1428 927 1483 moventur,
961 1409 1162 1470 iisdem
1197 1431 1312 1492 ego
1355 1431 1596 1471 movear
1634 1454 1655 1484 ‚
1706 1432 1807 1474 me

437 1489 551 1551 esse
582 1490 848 1550 acerbum
879 1490 986 1548 sibi
1013 1535 1031 1562 ‚
1067 1508 1131 1549 ut
1157 1495 1269 1551 ‘sim
1294 1491 1475 1551 dulcis
1500 1492 1659 1552 mihi.
1701 1490 1806 1555 De

436 1569 608 1631 rebus
644 1571 871 1630 urbanis
905 1572 1064 1650 quod
1101 1592 1196 1633 me
1231 1576 1536 1634 certiorem
1576 1572 1806 1649 fecisti,

433 1672 614 1733 quum
649 1650 840 1732 perse
870 1654 1011 1711 mihi
1043 1669 1268 1734 gratum
1303 1652 1409 1714 fuit
1430 1700 1449 1729 ,
1483 1672 1607 1714 tum
1635 1656 1801 1735 quod

431 1732 791 1816 significasti,
822 1733 925 1791 tibi
954 1737 1152 1793 omnia
1186 1754 1316 1794 mea
1356 1735 1632 1795 mandata·
1652 1757 1804 1796 curae

432 1814 580 1876 fore.
623 1814 687 1874 In
735 1813 940 1894 quibus
999 1832 1179 1875 unum
1226 1817 1368 1876 illud
1407 1835 1464 1877 te
1504 1820 1800 1899 praecipue

429 1917 581 1976 mogo
615 1914 677 1955 ut
715 1914 874 1954 cures
900 1939 918 1966 ‚
964 1916 1039 1955 ne
1081 1897 1220 1976 quid
1257 1898 1398 1956 mihi
1435 1898 1509 1958 ad
1549 1898 1665 1958 hoc
1695 1920 1800 1962 ne·-

473 1978 576 2036 otii
627 1991 724 2035 aut
760 1978 952 2035 oneris
1002 1979 1244 2040 accedat
1269 2024 1289 2054 ‚
1334 1997 1431 2039 aut
1472 1983 1800 2061 temporis;

429 1996 924 2136 flortensiumque
967 2057 1222 2120 nostrum
1272 2059 1558 2143 collegam
1603 2061 1668 2121 &
1698 2061 1795 2122 fa-

427 2140 711 2198 miliarem
747 2159 916 2221 roges
935 2185 955 2214 ‚
989 2158 1053 2202 ut
1085 2146 1131 2202 si
1160 2162 1434 2223 umquam
1460 2141 1594 2204 me&
1623 2145 1798 2205 causi

427 2220 742 2301 quidquam
789 2238 885 2280 aut
926 2220 1097 2284 sensit
1121 2269 1140 2294 ,
1191 2243 1285 2283 aut
1326 2223 1464 2283 fecit
1494 2268 1518 2297 ,
1575 2223 1652 2284 de
1683 2224 1796 2285 hac

426 2320 664 2383 qnoque
736 2301 1013 2363 sententia
1073 2304 1229 2365 bima
1303 2304 1550 2365 decedat
1594 2349 1612 2374 ‚
1678 2306 1794 2385 qua

426 2384 567 2442 mihi
606 2382 745 2442 nihil
785 2382 975 2464 potest
1017 2382 1129 2446 esse
1167 2389 1480 2446 inimicia&
1518 2383 1619 2446 De
1659 2385 1793 2447 nos-

423 2467 525 2524 tris
572 2464 742 2524 rebus
781 2466 941 2544 quod
979 2465 1119 2528 scire
1160 2471 1248 2527 vis
1288 2513 1307 2542 ,
1365 2465 1546 2526 Tarso
1589 2465 1791 2528 'Nonis

423 2543 701 2606 Octobris
732 2547 1024 2623 Amanum
1064 2550 1266 2608 versus
1300 2547 1541 2628 profeffi
1578 2547 1792 2612 sumus·

419 2624 567 2686 Haec
615 2627 810 2705 scripsi
862 2624 1132 2706 postridie
1178 2627 1301 2708 e'jus
1350 2629 1466 2689 diei
1510 2674 1531 2703 ‚
1603 2616 1786 2711 quum

415 2706 594 2769 castra
636 2707 908 2767 haberem
954 2711 1013 2766 in
1054 2724 1193 2792 a'gro
1246 2707 1671 2791 Mopsuhestiae.
1722 2709 1788 2772 Si

409 2792 557 2873 quid
597 2808 774 2873 egero
799 2831 822 2865 ‚
860 2787 1106 2863 scribam
1145 2791 1222 2855 ad
1256 2809 1365 2870 te;
1407 2811 1600 2875 neque
1658 2791 1781 2855 do·-
