2007 3620
494 314 657 396 '334
799 300 1573 368 EPISTOLARUM

491 434 579 475 tus
611 418 724 489 sit,
759 417 875 498 agit
902 415 1099 493 causas
1131 414 1431 485 liberales;
1459 416 1565 493 sed
1590 412 1720 474 ναι-ὸ
1754 416 1871 495 post

498 499 790 556 meridiem.
842 500 935 558 De
967 497 1272 575 provinciis
1313 499 1460 589 quod
1498 497 1595 556 tibi
1622 496 1866 583 sbi-ipse-

497 599 615 636 ram
653 578 744 638 ΙΔ.
790 577 994 637 Sextil.
1048 579 1217 635 aHum
1267 577 1384 647 iri,
1429 576 1750 669 interpellat
1772 598 1872 654 Ju-

500 660 702 717 dicium
755 658 1024 718 Marcelli
1064 702 1082 731 ,
1156 655 1394 733 consulis
1445 657 1750 738 designati.
1805 656 1872 715 Ιιι

499 739 647 798 Kal.
689 736 882 817 rejefia
925 758 980 796 re
1028 782 1046 810 ‚
1120 759 1184 796 rte
1228 734 1594 815 frequentiam
1656 739 1872 815 quidem

496 818 696 899 efficere
739 837 1051 898 potuerunt.
1103 821 1234 877 Has
1278 817 1491 876 litteras
1545 841 1608 877 a.
1660 820 1724 877 Δ.
1781 834 1869 876 lv.

501 901 658 958 Non.
708 898 976 979 Septemb.
1033 900 1159 958 dedi
1183 942 1203 971 ‚
1248 919 1409 977 quum
1447 900 1529 957 ad
1567 919 1689 957 eam
1737 900 1870 957 diem

507 1001 574 1038 ne
601 980 954 1061 profligatum
998 982 1211 1073 ᾳιιίΔειιι
1255 979 1548 1057 quidquam
1594 995 1741 1037 erat.
1798 982 1872 1038 Ua

497 1061 704 1132 videm,
745 1061 908 1140 causti
941 1061 1052 1119 haec
1089 1063 1295 1139 integra
1335 1060 1395 1117 in
1424 1060 1747 1139 proximum
1776 1082 1872 1118 an·

501 1162 629 1208 num
675 1139 1027 1219 transferetur
1065 1162 1082 1198 .·
1155 1141 1209 1198 6·
1248 1158 1579 1218 „quantum
1628 1140 1822 1199 divino
1848 1183 1869 1211 ,

498 1221 882 1299 relinquendus
926 1222 1024 1279 tibi
1071 1222 1170 1280 erit
1205 1221 1298 1298 qui
1333 1221 1680 1299 provinciam
1728 1222 1872 1279 obti-

504 1322 648 1361 neat.
676 1304 825 1361 Nam
852 1324 961 1361 nort
986 1302 1303 1379 expedietur
1312 1299 1630 1378 fitccesslo
1603 1344 1628 1372 ,
1655 1303 1870 1379 quando

506 1383 753 1454 Gallice,
788 1402 902 1476 qua:
937 1380 1135 1441 habent
1171 1377 1593 1457 interceffbrem,
1633 1381 1696 1439 in
1729 1404 1871 1439 eam·

504 1463 623 1521 dem
660 1464 1072 1531 conditionem,
1114 1462 1272 1540 qua'm
1319 1479 1500 1519 ceterae
1525 1463 1870 1541 provincia,

501 1560 785 1604 vocantur.
834 1543 958 1600 Hoc
991 1506 1124 1599 mihi
1168 1563 1277 1601 non
1312 1543 1380 1621 est
1415 1542 1640 1600 dubium
1686 1562 1708 1603 .·
1772 1543 1869 1621 quio

506 1622 607 1681 tibi
652 1623 826 1703 magis
858 1620 1102 1701 scripsi,
1141 1639 1202 1680 ut
1241 1623 1321 1680 ad
1353 1623 1494 1680 hune
1531 1641 1810 1680 eventum
1823 1642 1870 1681 te

499 1723 754 1784 parares.
798 1704 930 1763 Fere
968 1702 1166 1761 litteris
1201 1702 1447 1761 omnibus
1489 1704 1591 1761 tibi
1626 1705 1692 1761 de
1724 1724 1872 1781 pan-

511 1783 677 1844 theris
715 1783 937 1866 scripsi.
999 1787 1176 1864 Turpe
1226 1782 1324 1842 tibi
1371 1784 1471 1842 erit
1511 1825 1534 1854 ,
1594 1785 1870 1863 Patifiwm

509 1867 735 1926 Curioni
791 1870 966 1925 decem
1019 1864 1318 1945 pantheras
1365 1862 1626 1941 mistffe,
1614 1888 1631 1902 ·
1677 1885 1732 1923 te
1767 1888 1869 1924 nort

511 1947 704 2005 multis
737 1946 992 2026 partibus
1039 1945 1279 2024 plures.-
1326 1964 1465 2022 quas
1505 1943 1658 2024 ipsas
1715 1947 1867 2007 Curio

508 2027 641 2086 mihi
665 2070 684 2099 ,
737 2026 791 2085 6·
840 2026 1016 2085 alias
1037 2026 1348 2103 Africanas
1393 2027 1570 2083 decem
1608 2029 1867 2098 donavit3

505 2128 571 2167 ne
603 2122 762 2185 putes
810 2107 967 2164 illum
1006 2106 1214 2165 tantitm
1250 2107 1461 2184 praedia
1504 2107 1709 2187 rustica
1755 2110 1869 2165 dare

493 2186 655 2266 scire.
708 2189 833 2258 Tu,
883 2187 936 2244 si
992 2185 1149 2246 ιιιοΔὸ
1209 2186 1464 2245 memoria
1515 2205 1708 2246 teneas
1755 2231 1774 2261 ‚
1823 2185 1868 2245 6·

507 2266 590 2345 Cy
593 2267 800 2326 biratas
829 2268 1186 2337 arcessieris,
1224 2269 1451 2344 itemque
1497 2267 1556 2325 itt
1596 2269 1872 2360 Pamphy·

442 2365 446 2370 ’
505 2349 638 2410 liam
680 2348 892 2408 litteras
928 2346 1133 2421 miseris
1175 2345 1202 2426 (
1246 2367 1372 2405 nam
1416 2346 1493 2405 ibi
1526 2348 1727 2428 plures
1757 2345 1870 2427 capi

487 2431 669 2489 'aiunt
686 2425 734 2526 )
784 2429 931 2507 quod
969 2429 1121 2489 voles
1162 2471 1181 2500 ‚
1242 2425 1459 2508 efficies.
1534 2430 1665 2487 Hoc
1712 2429 1869 2488 vehe-

508 2506 737 2568 mentius
786 2509 972 2568 laboro
1019 2528 1208 2578 nunc,
1254 2507 1398 2586 qubd
1423 2505 1667 2586 seorsum
1709 2531 1743 2567 a
1770 2506 1874 2567 col-

511 2590 632 2668 lega
658 2607 795 2668 puto
833 2590 963 2646 mihi
997 2590 1180 2649 omnia
1203 2590 1481 2668 paranda.
1524 2588 1749 2648 Amabo
1787 2607 1872 2658 te,

515 2671 719 2748 impera
765 2669 864 2728 tibi
917 2670 1017 2729 hoc
1070 2690 1227 2728 curae.
1280 2669 1439 2728 Soles
1483 2668 1716 2729 libenter
1751 2714 1773 2741 ,
1822 2684 1873 2726 ut

514 2771 653 2829 ego,
691 2748 943 2826 majorem
986 2769 1195 2842 partem
1230 2749 1373 2807 nihil
1411 2770 1617 2809 curare.
1673 2750 1745 2809 In
1782 2750 1873 2807 hoc

505 2831 713 2913 negotio
748 2830 909 2892 nulla
943 2847 1040 2890 tua
1063 2873 1086 2904 ,
1119 2831 1230 2890 nisi
1258 2829 1515 2911 loquendi
1534 2873 1559 2908 2
1597 2850 1732 2893 cura
1769 2831 1875 2909 est,
