2007 3620
240 307 371 379 AD
400 308 852 377 FAMJLJAR.
885 303 1055 373 LJB.
1087 300 1241 370 VII.
1295 321 1387 395 30
1398 316 1446 393 ς

114 423 334 484 modum
369 419 777 501 consequimur
820 417 930 477 alia
968 418 1214 477 ratione.
1246 414 1453 493 Quum

115 507 252 563 enim
287 503 611 563 salutationi
649 522 758 560 nos
800 500 1065 560 dedimus
1100 499 1456 568 amicorum;

113 604 226 663 quae
264 582 327 644 fit
366 583 479 642 hbe
515 584 688 643 etiam
727 580 1083 660 frequentius
1107 621 1127 652 ,
1160 576 1335 658 quim
1363 575 1455 634 so-

114 663 254 724 lebat
274 710 292 738 ,
333 663 495 745 qubd
518 707 539 737 ,
580 664 740 742 quasi
776 680 946 721 avem
986 660 1174 719 albam
1202 703 1220 731 ‚
1253 657 1461 720 viden-

114 759 192 803 tur
228 746 373 805 bene
411 744 757 804 sentientem
792 744 984 802 civem
1022 739 1261 811 videre3
1296 736 1486 802 abdo,

116 844 197 884 me
229 828 286 885 in
319 824 757 885 bibliothecam.
807 820 1006 901 Itaque
1045 839 1227 900 opera
1264 816 1459 898 efficio

116 918 250 965 tanta
289 950 310 979 ‚
363 925 581 986 quanta
619 901 846 964 fortasse
891 918 956 961 tu
990 900 1219 961 senties.
1265 897 1459 959 Intel-

117 984 215 1045 lexi
277 988 434 1060 enim
500 1006 575 1046 ex
629 1003 732 1045 tuo
803 982 1067 1053 sermone
1136 980 1388 1062 quodam
1435 1024 1457 1054 ,

121 1085 275 1145 quum
327 1085 523 1127 meam
579 1062 912 1134 moestitiam
979 1061 1044 1121 &
1097 1059 1457 1141 desperatio-

121 1165 236 1205 nem
268 1147 552 1220 accusases
580 1191 601 1221 ‚
643 1145 806 1206 domi
849 1162 970 1205 tuae
1009 1142 1200 1201 dicere
1246 1157 1342 1213 te,
1378 1160 1454 1199 ex

121 1230 244 1287 meis
269 1228 422 1304 libris
450 1229 713 1287 animum
738 1244 936 1285 meum
966 1222 1312 1283 desiderare.
1337 1219 1459 1281 Sed

122 1308 416 1370 mehercule
443 1309 506 1369 &
536 1326 668 1369 tum
693 1303 1111 1386 rempublicam
1140 1301 1412 1383 lugebam
1437 1345 1460 1375 ‚

125 1406 229 1465 quae
256 1410 372 1450 non
408 1390 599 1450 solum
642 1387 751 1447 suis
785 1406 922 1467 erga
960 1403 1057 1443 me
1080 1426 1101 1457 ‚
1148 1382 1247 1450 sed
1278 1382 1459 1442 etiam

127 1471 246 1529 meis
281 1491 411 1553 erga
444 1469 504 1531 se
545 1466 847 1530 beneficiis
887 1481 1011 1527 erat
1043 1463 1187 1524 mihi
1226 1464 1413 1523 carior
1436 1481 1482 1534 3-

127 1544 178 1604 &
215 1549 316 1611 hoc
365 1569 641 1632 tempore
687 1594 708 1622 ‚
773 1565 1121 1627 quamquam
1176 1564 1272 1606 me
1321 1564 1459 1610 ‘non

131 1630 249 1691 ratio
299 1631 480 1692 soliim
542 1628 869 1695 consolatur
888 1671 908 1701 ‚
961 1647 1092 1705 quae
1144 1625 1459 1705 plurimum

132 1706 276 1771 debet
312 1713 504 1774 valere
525 1757 545 1786 ‚
582 1709 683 1771 sed
718 1710 894 1767 etiam
923 1705 1045 1766 dies
1065 1749 1084 1779 ‚
1121 1726 1246 1785 quae
1282 1702 1462 1764 stultis

133 1805 331 1875 quoque
373 1792 600 1855 mederi
650 1789 837 1865 solet,
871 1803 1065 1848 tamen
1106 1784 1283 1845 doleo
1319 1828 1340 1858 ‚
1382 1784 1463 1844 ita
1512 1821 1517 1826 ·

128 1886 229 1929 rem
265 1892 638 1953 communem
675 1868 786 1932 effe
839 1867 1113 1947 dilapsam
1144 1905 1163 1940 ,
1216 1881 1278 1926 ut
1306 1908 1326 1938 ‚
1384 1883 1462 1926 ne

127 1946 229 2027 spes
279 1956 513 2036 quidem
561 2000 583 2029 ,
636 1953 842 2012 melius
894 1948 1205 2030 aliquando
1272 1945 1402 2006 fore
1438 1978 1461 2020 ·‚

126 2030 460 2115 relinquatur.
498 2035 638 2096 Nec
666 2032 812 2094 verb
842 2050 995 2090 nunc
1025 2028 1261 2109 quidem
1290 2026 1464 2108 culpa

131 2108 184 2166 in
214 2133 279 2174 eo
310 2116 387 2178 est
410 2163 430 2194 ,
468 2121 534 2179 in
575 2113 737 2192 cujus
784 2107 1064 2194 potestate
1106 2111 1303 2169 omnia
1337 2106 1465 2168 sunt

139 2185 284 2328 §nisi
319 2198 465 2260 forte
523 2199 588 2258 id
630 2193 816 2275 ipsum
864 2188 974 2252 effe
1026 2211 1149 2250 non
1196 2189 1395 2249 debuit
1434 2187 1463 2269 )

164 2271 227 2329 ed
262 2276 354 2338 alia
391 2279 518 2341 casu
542 2324 562 2353 ‚
599 2276 706 2335 alia
738 2277 914 2335 etiam
948 2269 1140 2331 nostra
1180 2267 1351 2346 culp‘a
1381 2269 1465 2327 sic

139 2353 429 2421 acciderunt
452 2406 471 2432 ‚
513 2374 581 2420 ut
614 2356 689 2416 de
725 2353 1024 2434 praeteritis
1062 2369 1183 2415 non
1216 2350 1287 2410 sit
1327 2366 1470 2424 que÷

136 2432 726 2518 rendum.'Reliquam
784 2432 817 2493 s
849 2451 944 2491 em
1003 2429 1223 2488 nullam
1266 2425 1470 2486 videm

139 2507 317 2586 Quare
372 2522 446 2581 ad
498 2522 685 2600 prima
726 2535 787 2575 re
832 2533 927 2573 eo.
991 2508 1294 2590 Sapienter
1341 2507 1467 2566 haec

138 2591 420 2676 reliquisti,
480 2605 530 2663 si
565 2597 851 2670 consili03
896 2589 1138 2653 feliciter
1161 2636 1182 2666 ,
1230 2591 1294 2651 si,
1319 2586 1471 2650 casm

139 2663 288 2738 Vale.
