2007 3620
474 295 631 366 '116
776 295 1523 363 EPISTOLARUM
1589 299 1590 302 ’

472 406 577 474 illa,
607 410 840 471 vincula
862 455 882 483 ‚
931 409 1137 490 quibus
1184 409 1420 489 quidem
1462 398 1852 468 libentissime

475 490 792 573 adstringor
818 527 838 564 9
876 509 1089 571 quanta
1121 489 1244 550 sunt
1270 534 1289 563 ‚
1328 487 1643 549 studiorum
1693 490 1853 546 simi-

475 570 662 630 litudo
685 603 705 643 5
741 570 981 630 suavitas
1024 569 1448 631 consuetudinis
1477 605 1497 641 ‚-
1533 568 1853 628 deleciatio

418 703 431 708 ,,
475 652 614 713 vitae
652 669 825 731 atque
859 647 1043 711 vietus
1068 694 1088 720 ,·
1125 649 1401 710 sermonis
1430 648 1672 709 societas
1697 693 1718 721 ,
1761 649 1858 709 lit-

473 743 616 796 terae
659 730 1029 792 interiores-i*
1088 730 1287 811 Atque
1337 729 1460 789 haec
1513 727 1858 789 domestica.

482 809 653 887 Quid
725 812 823 870 illa
889 811 1128 871 tandem
1191 811 1492 890 popularia
1539 810 1561 869 ?
1630 810 1856 869 reditus

474 888 701 950 illustris
743 895 801 951 in
843 894 1084 973 gratiam
1122 890 1143 950 ?
1189 894 1249 950 in
1301 911 1420 970 quo
1459 910 1535 950 ne
1575 909 1684 969 per
1736 893 1857 948 im·-

527 971 852 1031 rudentiam
970 972 1168 1032 uidem
1233 971 1407 1030 errari
1471 969 1663 1051 potest
1732 973 1855 1032 sine

479 991 798 1131 {uspicione
839 994 1097 1132 perffidiae
1129 1073 1143 1109 ε
1183 1051 1512 1131 amplissimi
1552 1049 1858 1111 sacerdotii

474 1132 849 1215 collegium?
894 1135 955 1193 in
995 1154 1112 1214 quo
1152 1152 1273 1192 non
1317 1132 1500 1191 modo
1542 1134 1857 1191 amicitiam

483 1213 692 1283 violari
753 1214 907 1293 apud
977 1209 1226 1291 majores
1298 1209 1524 1271 nostros
1590 1212 1676 1272 fas
1736 1235 1856 1272 non

483 1311 610 1362 erat
641 1333 661 1369 ‚
719 1289 818 1354 sed
860 1315 934 1355 ne
982 1293 1248 1372 cooptari
1294 1291 1532 1371 quidem
1573 1291 1856 1354 sacerdo·

485 1385 611 1435 tem
661 1376 869 1435 licebat
912 1418 933 1447 ‚
997 1377 1096 1453 qui
1147 1375 1415 1452 cuiquam
1466 1392 1541 1432 ex
1593 1375 1857 1455 collegio

487 1452 630 1514 effet
698 1457 982 1514 inimicus.
1053 1452 1212 1529 Quae
1272 1468 1338 1510 ut
1404 1456 1669 1513 omittam
1740 1474 1856 1513 tam

488 1534 668 1593 multa
702 1578 723 1607 ,
775 1549 946 1614 atque
983 1549 1143 1593 tanta
1176 1577 1195 1605 ‚
1281 1535 1367 1592 uis
1403 1553 1678 1614 umquam
1719 1538 1856 1595 tanti

489 1633 842 1695 quemquam
887 1612 1067 1687 fecit,
1106 1628 1205 1673 aut
1263 1633 1426 1687 acere
1470 1617 1664 1693 potuit
1700 1660 1722 1689 ‚
1764 1631 1855 1674 aut

475 1694 736 1768 debuit,
783 1697 980 1774 quanti
1014 1714 1128 1818 6ξο
1174 1690 1289 1753 Cn.
1323 1692 1674 1774 Pompeium
1699 1742 1723 1770 ,
1767 1695 1856 1755 so-

491 1794 692 1836 cerum
737 1792 846 1836 tuae
895 1774 1025 1835 filiae
1058 1821 1071 1834 .
1126 1772 1359 1836 Etenim
1406 1775 1454 1834 si
1493 1778 1698 1836 merita
1748 1799 1857 1838 va-

488 1855 654 1931 lent3
700 1858 980 1935 patriam,
1035 1856 1247 1923 liberos
1281 1902 1299 1926 ,
1343 1854 1579 1918 salutem
1599 1903 1619 1932 ,
1665 1859 1859 1940 digni-

490 1951 673 2012 tatem
695 1981 716 2010 ‚
749 1936 1150 2017 memetipsum
1188 1937 1327 1996 mihi
1368 1957 1482 2016 per,
1506 1937 1669 1998 illum
1707 1938 1860 2000 resti-

484 2032 685 2095 tutum
722 2032 903 2096 puto:
947 2020 994 2077 si
1030 2017 1452 2079 consuetudinis
1496 2017 1856 2097 jucunditas3

495 2117 626 2177 quae
681 2097 788 2157 fuit
839 2118 1116 2179 umquam
1170 2101 1418 2158 amicitia
1474 2099 1861 2162 consularium

493 2179 556 2237 in
613 2176 805 2238 nostra
863 2182 1095 2241 civitate
1156 2176 1514 2256 conjunffior
1558 2180 1580 2240 ἓ
1646 2185 1696 2242 si
1760 2183 1852 2243 illa

492 2262 707 2335 amoris
731 2303 751 2332 ,
799 2279 968 2340 atque
1023 2259 1200 2320 officii
1251 2261 1415 2341 signa
1463 2281 1482 2332 ;
1543 2262 1683 2341 quid
1726 2263 1857 2322 mihi

491 2338 593 2407 ille
638 2361 774 2419 ,non
836 2341 1185 2403 commisit?
1249 2341 1388 2422 quid
1448 2362 1570 2400 non
1621 2363 1856 2403 mecum

495 2422 945 2499 communicavit
984 2422 1007 2483 ἓ
1072 2422 1211 2503 quid
1253 2423 1340 2491 ,de
1391 2419 1446 2480 se
1490 2424 1552 2479 in
1605 2420 1803 2485 senatu
1834 2469 1853 2496 ‚

499 2522 678 2583 quum
731 2501 851 2583 ipse
904 2501 1119 2563 abesset
1155 2547 1175 2576 ,
1228 2521 1332 2580 per
1377 2521 1728 2583 quemquam
1767 2507 1857 2586 agi

496 2581 740 2643 maluit?
783 2582 988 2663 quibus
1024 2584 1123 2643 ille
1169 2602 1264 2642 me
1308 2583 1479 2643 rebus
1520 2604 1642 2643 non
1675 2606 1857 2649 ,orna-

497 2660 786 2735 tissimum
816 2663 1005 2723 voluit
1033 2662 1380 2742 amplissime
1408 2663 1430 2723 ,³
1460 2665 1573 2743 qua
1612 2666 1854 2747 denique

503 2743 600 2804 ine
645 2741 955 2818 facilitate,
1005 2745 1120 2826 qua
1155 2743 1503 2805 humanitate
1538 2746 1667 2804 tulit
1712 2768 1859 2806 con-

503 2824 830 2888 tentionem
868 2845 1066 2888 meam
1101 2847 1216 2910 pro*
1247 2824 1524 2899 Milone,
1564 2825 1868 2890 adversam
