2007 3620
487 282 589 375 98
764 283 1551 351 *Erinomae-‘M
1605 333 1612 344 ,

493 418 592 466 me
628 397 942 480 quidquam
970 397 1283 476 superbiusa
1322 392 1533 477 Quum
1604 413 1887 464 uei-*tuus

493 481 569 542 ad
604 501 700 542 me
733 479 981 545 secunda
1012 479 1133 539 fere
1159 480 1362 560 vigilia
1390 484 1528 540 veni
1573 497 1668 552 et,
1710 479 1888 562 isque

492 581 554 624 te
606 578 740 624 ante
794 562 990 623 lucem
1047 557 1311 622 Iconi-um
1366 561 1509 620 mihi
1556 579 1890 626 ventui-um

492 640 836 716 nuntiaffet‚
876 641 1276 721 incertumque
1322 642 1452 701 utra
1488 642 1588 703 via
1615 686 1633 715 ,
1689 661 1886 723 quum

494 724 675 786 effent
712 724 880 796 duae3
932 723 1110 788 altera
1151 722 1484 784 Varronem
1510 768 1531 796 ‚
1572 740 1741 784 tuum
1785 725 1886 792 fa-

488 807 937 866 miliarissimum
964 849 983 875 ,
1021 802 1200 863 alterii
1240 801 1329 882 Q.
1372 803 1616 884 Leptam
1645 850 1663 878 ,
1712 827 1879 886 prae-

489 885 706 947 feEium
745 884 971 946 fabrum
1006 904 1253 958 meum,
1283 885 1384 947 tibi
1424 886 1667 947 obviam
1706 890 1880 949 misit

491 967 767 1028 mandavi
808 969 1035 1049 utrique
1075 986 1280 1028 eorum
1309 979 1333 1037 „⁴
1369 983 1432 1026 ut
1478 967 1611 1026 ante
1655 967 1731 1026 ad
1775 989 1875 1034 me

493 1065 866 1109 excurrerent
892 1092 909 1119 ‚
947 1065 1014 1108 ut
1051 1047 1155 1107 tibi
1191 1046 1429 1107 obviam
1468 1048 1708 1128 prodire
1741 1050 1881 1129 pos-

493 1128 637 1189 sem.
671 1128 928 1191 Currens
966 1129 1150 1207 Lepta
1187 1130 1385 1203 venit,
1422 1125 1682 1210 mihique
1719 1150 1878 1190 nun-

493 1211 660 1272 tiavit
684 1256 702 1282 ‚
753 1228 814 1271 te
851 1207 969 1289 jam
1013 1207 1187 1269 castra
1223 1208 1677 1291 praetergreffum
1706 1209 1867 1272 effes

496 1289 799 1353 confestim
840 1291 1106 1352 Iconium
1142 1293 1279 1353 veni
1313 1310 1329 1348 z
1389 1307 1582 1350 cetera
1614 1287 1735 1367 jam
1768 1293 1875 1356 tibi

496 1392 640 1434 nota
683 1373 830 1433 sunt.
867 1374 966 1433 An
990 1392 1122 1454 ego
1155 1371 1259 1434 tibi
1300 1371 1537 1432 obv-iam
1571 1393 1691 1431 non
1724 1393 1873 1451 pro·-

495 1453 727 1513 direm?
769 1454 1018 1534 primum
1048 1452 1250 1532 Appio
1287 1448 1582 1513 Claudio?
1613 1452 1872 1530 deinde,

494 1533 892 1614 imperatori?
959 1533 1170 1596 deinde
1224 1577 1243 1606 ‚
1293 1554 1457 1595 more
1515 1534 1868 1612 majorum?

497 1613 711 1677 deinde
739 1659 758 1687 ,
794 1612 960 1695 quod
991 1636 1058 1674 ca
1101 1630 1165 1674 ut
1196 1610 1278 1677 est
1309 1658 1327 1686 ,
1360 1614 1593 1676 amico?
1630 1614 1871 1696 praeser-

496 1697 604 1755 tim
660 1715 838 1777 quum
904 1698 965 1756 in
1019 1637 1126 1757 itii>
1183 1714 1396 1777 genere
1459 1693 1641 1755 multo
1691 1699 1871 1761 etiam

500 1777 860 1845 ambitiosius
892 1775 1095 1838 facere
1140 1774 1363 1837 ⁴soleam
1387 1824 1404 1851 ‚
1450 1775 1624 1857 quam
1676 1776 1870 1838 honos

500 1876 667 1923 meus
708 1857 771 1919 &
810 1857 1057 1936 dignitas
1098 1856 1366 1938 postulat.
1418 1854 1534 1919 Sed
1568 1858 1691 1917 haec
1733 1859 1873 1935 hac.-

498 1956 689 1999 tenus.
731 1936 881 1998 Illud
924 1937 1083 1999 idem
1139 1938 1409 2000 Pausania
1468 1939 1697 2001 dicebat
1736 1984 1757 2014 ‚
1810 1957 1870 2003 te

500 2015 735 2080 dixisse:
785 2017 1032 2099 quidni?
1085 2018 1600 2100 Appius'Lentulo
1636 2065 1658 2092 ,
1713 2016 1870 2080 Len-

499 2099 652 2170 tulus
706 2098 909 2180 Appio
951 2104 1236 2182 processit
1299 2100 1536 2162 obviam
1578 2121 1593 2159 t
1651 2099 1868 2162 Cicero

502 2180 707 2261 Appio
751 2181 938 2242 noluit
974 2191 994 2239 ἓ
1060 2180 1281 2260 Quaeso
1308 2227 1325 2247 ..
1367 2184 1621 2245 etiamne
1663 2198 1728 2242 tu
1769 2181 1866 2243 has

496 2263 740 2342 ineptias
764 2307 782 2332 ‚
820 2262 1002 2322 homo
1042 2273 1066 2334 (
1107 2264 1240 2322 mea
1279 2260 1555 2323 sententia
1588 2262 1613 2344 )
1644 2262 1864 2325 summa
1914 2325 1920 2331 ,

500 2343 848 2425 prudentia,
894 2343 1073 2403 multa
1120 2345 1294 2403 etiam
1337 2342 1590 2402 (1οέὶήηὲ
1617 2387 1639 2416 ,
1688 2346 1868 2424 pluri..

500 2445 602 2485 mo
645 2445 835 2486 rerum
874 2425 1015 2496 usu,
1046 2425 1201 2483 addo
1239 2423 1596 2498 urbanitate,
1625 2444 1756 2504 quae
1789 2423 1868 2487 est

496 2510 678 2566 ‘virtus
707 2551 724 2578 ‚
759 2525 822 2571 ut
865 2504 1047 2565 Stoici
1075 2504 1385 2569 reffissime
1414 2522 1617 2586 putant
1636 2549 1657 2579 ‚
1689 2502 1867 2566 ullam

500 2585 878 2669 Appietatem
893 2629 912 2657 ,
932 2602 1030 2644 aut
1053 2585 1460 2653 Lentulitatem
1485 2586 1680 2649 valere
1701 2579 1865 2667 apud

499 2688 597 2730 me
635 2666 801 2747 plus,
837 2664 1030 2746 quam'
1052 2665 1391 2729 oznamenta
1419 2668 1684 2741 virtum,
1722 2667 1868 2728 exis-

498 2751 675 2808 timas
717 2747 738 2808 ?
791 2745 1001 2824 Quum
1065 2768 1135 2808 ea
1194 2746 1528 2808 consecutus
1593 2750 1859 2829 nondum

497 2848 658 2894 eram
697 2871 718 2903 ,
778 2848 907 2914 quae
958 2826 1086 2895 sunt
1126 2829 1432 2897 hominum
1486 2830 1867 2915 opinionibus
