2007 3620
320 331 463 405 Ao
496 325 600 403 ΡΑ
614 345 941 402 mnan.
968 331 1140 403 Lm.
1167 329 1297 404 ῙΙῙ.
1368 348 1500 408 101

131 452 530 512 taciturnitate
594 445 929 530 significasse
973 490 991 520 ‚
1052 450 1156 509 tibi
1218 470 1339 509 non
1399 450 1513 512 effe

130 536 440 603 amicum3
493 530 666 610 idque
707 551 813 608 pro
852 529 1162 607 tribunali,
1208 552 1389 612 quum
1420 527 1518 591 ali-'-

132 613 278 694 quid
326 629 635 693 ageretur,
687 611 749 669 &
792 610 1083 669 nonnullis
1126 613 1187 670 in
1224 611 1512 672 conviviis

130 692 394 774 intelligi
434 687 693 771 potuisse.
747 689 882 749 Hoc
927 706 1121 750 totum
1166 693 1307 752 nihil
1350 691 1465 752 effe
1496 727 1516 767 9

130 771 377 854 possum
422 771 736 853 intelligere
774 791 788 830 z
840 769 939 830 sed
979 792 1161 851 quum
1206 773 1460 834 sit-nihil
1492 811 1513 847 9

132 875 211 915 ne
276 851 424 932 quid
482 851 704 910 dicatur
743 851 979 931 quidem
1036 853 1320 936 intelligo.
1368 853 1516 914 Illud

216 933 391 993 idem
432 930 549 991 scio
572 975 591 1004 ,
629 951 795 991 meos
837 931 1052 991 multos
1077 975 1096 1003 ,
1142 933 1207 992 &
1239 933 1516 1010 illustres,

132 955 213 1075 gi,
248 1033 328 1074 ex
376 1012 666 1091 superiore
692 1057 711 1085 ‚
753 1012 816 1070 &
855 1032 929 1071 ex
968 1034 1017 1069 ae
1060 1033 1139 1073 uo
1179 1014 1318 1073 loco
1344 1059 1363 1087 ,
1408 1015 1517 1075 sera-

137 1115 357 1155 mones
384 1093 637 1152 .habitos
689 1112 822 1152 curn
875 1109 973 1152 tua
1047 1113 1244 1154 umma
1294 1095 1464 1157 laude
1495 1141 1515 1171 ,

141 1175 207 1236 &
263 1194 409 1235 cum
453 1193 662 1254 magna
701 1167 1118 1254 significatione
1167 1173 1372 1236 nostrae
1421 1176 1518 1236 fa·-

141 1255 492 1315 miliaritatis
526 1298 544 1326 ,
599 1253 671 1312 ad
711 1271 771 1313 te
823 1254 964 1312 vere
1005 1252 1246 1333 potuiffe
1287 1256 1523 1319 deferri.

144 1334 300 1396 Nam
345 1373 368 1411 9
418 1334 580 1415 quod
622 1334 695 1393 ad
749 1334 971 1415 legatos
1008 1337 1215 1396 attinet
1249 1380 1268 1410 ,
1307 1337 1444 1417 quid
1477 1349 1523 1398 'a

148 1426 246 1477 me'
285 1414 418 1476 fieri
468 1417 657 1517 potuit
695 1427 793 1474 aut
835 1414 1153 1495 elegantius
1188 1462 1206 1489 ‚
1257 1435 1352 1477 aut
1394 1414 1518 1493 jus-

153 1499 264 1557 tius
304 1540 325 1570 ,
385 1516 561 1576 quam
604 1514 667 1555 ut
720 1494 974 1575 sumptus
1015 1500 1518 1576 egentissimarum

153 1580 455 1638 civitatum
506 1579 828 1636 minuerem
850 1615 870 1650 ,
923 1579 1045 1635 sine
1081 1577 1198 1637 ulla
1233 1581 1518 1639 imminu-

155 1660 321 1717 tione
359 1657 643 1738 dignitatis
677 1672 794 1714 tuae
820 1699 838 1727 ,
868 1655 1180 1736 praesertim
1209 1661 1345 1737 ipsis
1380 1663 1523 1720 civi-

155 1740 372 1798 tatibu's
414 1735 834 1818 ¹postulantibus»
873 1742 894 1788 ἓ
951 1735 1105 1796 Nam
1145 1738 1286 1797 mihi
1327 1754 1522 1800 totum

159 1839 339 1901 genus
405 1819 764 1901 legationum
808 1834 912 1878 tuo
964 1820 1205 1879 nomine
1254 1818 1522 1900 proficis-

163 1902 414 1962 centium
448 1920 655 1960 notum
693 1921 813 1961 non
855 1897 996 1960 erat.
1032 1900 1315 1980 Apameae
1340 1920 1520 1983 quum

169 1979 335 2042 effem
357 2027 378 2055 ‚
421 1982 730 2042 multarum
769 1982 1066 2043 civitatum
1115 1986 1403 2064 principes
1447 1984 1522 2045 ad

163 2080 254 2123 me
301 2063 630 2123 detulerunt
660 2107 681 2137 ‚
739 2060 993 2143 sumptus
1045 2062 1280 2124 decerni
1318 2066 1522 2147 legatis

159 2145 331 2203 nimis
364 2164 607 2226 magnos
644 2186 664 2215 ‚
723 2162 900 2223 quum
935 2142 1220 2205 solvendo
1262 2147 1522 2209 civitates

162 2243 284 2283 non
330 2222 529 2287 essent.
584 2223 700 2282 Hic
749 2243 864 2307 ego
921 2225 1101 2284 multa
1142 2227 1311 2287 simul
1350 2230 1523 2308 cogi-

163 2308 286 2363 tavi
325 2323 341 2362 t
395 2307 644 2384 primum
668 2350 687 2377 ‚
729 2321 790 2364 te
837 2306 1138 2367 hominem
1174 2328 1297 2366 non
1339 2306 1524 2367 solum

162 2382 476 2464 sapientem
502 2431 523 2460 ‚
558 2387 767 2447 verum
796 2386 975 2445 etiam
1008 2384 1130 2524 {Jut
1163 2407 1315 2446 nunc
1339 2387 1533 2466 loqui--

163 2464 347 2547 mur)
399 2467 680 2526 urbanum
706 2510 727 2539 ‚
785 2486 908 2526 non
960 2486 1022 2524 ar
1065 2465 1271 2526 iti-abar
1311 2487 1527 2549 genere

163 2544 266 2606 isto
302 2546 664 2628 legationum
702 2544 1011 2619 delee‘tari3
1043 2547 1216 2628 idque
1254 2569 1346 2609 me
1379 2549 1531 2609 arbi-

161 2640 284 2686 tror
324 2626 617 2708 Synnadis
659 2649 765 2707 pro
803 2628 1072 2688 tribunali
1104 2629 1296 2689 m'ultis
1329 2630 1527 2689 verbis

160 2706 522 2788 disputavisse
552 2729 567 2767 ε
641 2711 848 2768 rimhm
873 2754 891 2782 ‚
921 2707 1185 2788 Appium
1214 2707 1529 2770 Claudium

161 2785 377 2848 senatui
425 2810 591 2871 popu
615 2808 766 2868 oque
808 2789 1080 2850 Romano
1106 2835 1126 2863 ‚
1164 2812 1286 2850 non
1336 2788 1533 2870 Myn-

162 2867 429 2934 densium
466 2867 795 2934 testimonio
838 2868 867 2953 (
898 2872 960 2934 in
1000 2891 1073 2936 ea
1102 2872 1260 2933 enim
1296 2872 1530 2949 civitate

1174 2948 1227 3013 E
1253 2948 1313 3032 iij
