2007 3620
274 296 401 364 AD
428 298 875 366 FAMILIAR.
898 297 1069 364 ΗΒ.
1103 296 1218 364 VI.
1293 287 1445 390 2“37

125 409 269 485 muit‚
304 436 462 492 neque
485 409 692 490 injurie?
709 458 732 484 ,
771 413 823 471 si
846 412 986 471 liber
1011 407 1196 487 exfflt
1229 407 1256 489 (
1281 431 1443 488 quum

124 511 214 550 non
255 511 357 551 tam
413 493 618 572 interest
659 537 680 562 ,
739 515 841 571 quo
893 495 1077 552 animo
1116 489 1389 568 firibatur
1424 533 1448 559 ,

124 570 257 647 qua'm
309 595 410 651 quo
465 572 833 655 accipiatur)
887 596 953 633 ne
1008 595 1073 629 ea
1136 593 1220 628 res
1275 571 1451 648 ineptk

125 651 235 709 mihi
275 673 484 715 noceret
514 699 535 729 ‚
599 675 760 731 quum
790 653 1086 734 praesbrtim
1134 649 1315 709 adhuc
1333 651 1455 729 stili

122 724 305 809 poena‘s‘
338 721 474 795 deni.
536 740 668 814 Qua
713 736 926 813 quidem
969 734 1028 791 in
1073 753 1131 810 re
1182 730 1468 812 singulari,

119 809 216 888 sum
254 813 373 890 fluo
414 836 432 874 .·
495 836 624 874 nam
673 837 831 892 quum
891 815 1135 871 mendum
1169 811 1453 891 firipturae

128 890 269 950 liturci
329 895 557 955 tollatur
594 941 613 967 ,
660 895 902 975 stultitia
943 890 1108 973 flama*
1147 894 1400 958 multetur
1431 910 1459 962 ,⁸

130 991 248 1030 meus
288 998 427 1036 error
463 977 665 1035 exsilio
703 976 1023 1055 corrigitur„
1060 969 1217 1051 cujus
1244 973 1459 1050 stamma

133 1053 337 1115 criminis
380 1056 487 1136 est,
527 1058 676 1137 quad
712 1075 955 1115 armatus
989 1056 1301 1130 adversario
1338 1074 1460 1111 ma-

135 1132 295 1192 ledixi.
336 1140 510 1196 Nemo
552 1137 777 1217 nostrtim
818 1139 922 1214 est,
959 1154 1020 1194 ut
1056 1137 1288 1213 opinor,
1329 1136 1460 1211 quin

136 1231 240 1271 vota
284 1218 506 1276 vilioriae
546 1218 663 1296 suae
709 1214 905 1295 fecerit
937 1236 963 1286 ,⁰
1015 1237 1165 1273 nemo
1208 1258 1228 1284 ,
1279 1217 1409 1292 quin
1443 1257 1464 1282 ,

137 1295 266 1351 etiam
309 1319 462 1376 quum
510 1299 580 1356 de
623 1296 743 1355 alia
793 1318 847 1355 re
895 1297 1194 1354 immolaret
1224 1338 1241 1365 ,
1289 1313 1466 1352 tamen

139 1393 185 1430 eo
217 1380 406 1451 quidem
437 1378 555 1458 ipsb
596 1396 825 1456 tempore
865 1418 884 1447 ,
927 1394 988 1435 ut
1038 1376 1197 1452 quam
1234 1373 1465 1453 primam

142 1453 286 1531 CaeJar
306 1458 687 1540 stipantum,
719 1459 938 1538 optarit.
989 1459 1113 1515 Hoc
1152 1456 1202 1513 si
1236 1477 1344 1513 non
1377 1475 1470 1513 co-

141 1534 251 1612 gitat
279 1581 299 1607 ,
336 1540 579 1598 omnibus
614 1539 768 1597 rebus
793 1535 944 1611 filix
981 1539 1050 1616 est
1084 1558 1102 1595 .·
1135 1539 1184 1595 si
1214 1535 1323 1615 sitit
1350 1579 1368 1606 ‚
1411 1535 1466 1593 6·

141 1615 381 1697 persuasits
408 1623 509 1699 est,
545 1622 682 1698 quid
711 1617 964 1697 irafiitur
998 1619 1090 1685 ei,
1120 1618 1215 1693 qui
1252 1614 1471 1692 aliquid

138 1691 323 1775 scripsit
378 1720 570 1760 contra
618 1707 779 1778 suam
839 1697 1175 1756 voluntatem
1217 1739 1241 1764 ,
1308 1714 1470 1772 quum

148 1773 307 1853 ign6rie
348 1783 595 1841 omnibus
630 1826 649 1854 ‚
709 1780 803 1858 qui
845 1777 1017 1837 multa
1060 1778 1187 1835 deos
1228 1773 1472 1835 venerati

150 1858 237 1915 sint
274 1881 446 1920 contra
486 1860 612 1942 ejus
643 1859 876 1939 salutem
899 1859 933 1915 ?
998 1859 1113 1917 Sed
1137 1903 1155 1930 ‚
1194 1873 1254 1915 ut
1292 1856 1474 1914 ebdem

152 1955 347 2000 revertar
374 1989 392 2016 ‚
451 1940 627 2021 causa
676 1942 787 2000 lzaec
815 1936 936 2018 fuit
980 1940 1209 1998 timoris.
1260 1934 1476 2015 Scripsi

153 2016 204 2071 de
235 2036 277 2077 te
304 2024 459 2101 parce*
476 2069 500 2095 ,
546 2023 753 2080 medius
779 2021 955 2097 fidius
976 2064 995 2092 ‚
1032 2016 1085 2078 fv·
1125 2018 1341 2092 timide,
1365 2037 1477 2075 non

155 2115 372 2160 revocans
414 2125 493 2163 me
545 2102 655 2182 ipse
680 2146 698 2174 ,
735 2101 842 2181 sed
865 2122 1002 2180 pene
1036 2097 1321 2181 reflagierzs.
1352 2099 1477 2156 Ge-

158 2196 239 2234 nus
271 2203 430 2242 autem
472 2186 580 2244 hoc
609 2182 889 2263 sbripturae
916 2225 935 2254 ‚
982 2203 1090 2240 non
1134 2178 1292 2237 mod&
1333 2178 1480 2236 libe-

164 2275 256 2313 rum
280 2303 295 2330 ‚
319 2264 415 2340 sed
454 2266 746 2324 incitatum
787 2281 949 2339 atque
994 2262 1194 2320 elatum
1235 2255 1333 2331 effi
1373 2260 1480 2315 de-

162 2333 258 2394 bere
280 2384 300 2409 2
350 2347 467 2423 quis
522 2346 736 2402 inorat
763 2345 796 2400 Ρ
848 2339 1100 2399 Solutum
1153 2337 1485 2415 existimatur

162 2413 239 2491 effe
263 2423 405 2482 alieri
429 2367 750 2484 magdicere
775 2443 800 2492 ,·
832 2438 1011 2499 tamen
1045 2417 1343 2476 cavendum
1373 2415 1441 2494 est
1467 2458 1488 2487 ,

162 2516 214 2552 ne
244 2499 293 2558 in
326 2506 687 2582 petulantiam
724 2500 942 2559 incidas
969 2521 987 2558 .·
1038 2497 1388 2577 impeditum,
1423 2495 1487 2574 ft

164 2576 304 2653 fpfitm
339 2584 562 2644 laudare
583 2605 609 2656 ;
658 2605 724 2643 ne
769 2581 964 2641 vitium
1001 2579 1321 2658 arrogantia
1344 2575 1491 2655 fieb-

154 2655 407 2734 sequatur:
435 2666 615 2744 sblum
652 2662 775 2723 νενὸ
808 2662 1033 2721 liberum
1053 2704 1073 2733 ‚
1107 2659 1335 2718 alterum
1366 2656 1493 2714 lau-

166 2736 269 2796 dare
306 2763 333 2812 ,·
383 2747 447 2802 de
492 2767 597 2823 quo
635 2744 901 2822 quidquid
938 2741 1194 2810 detrahas
1228 2781 1248 2810 ‚
1297 2733 1493 2812 neceffi

171 2818 220 2892 ²st
246 2840 335 2883 aut
374 2825 678 2906 infirmitati
708 2869 728 2899 ,
771 2841 869 2885 aut
907 2822 1133 2889 invidia
1172 2817 1500 2901 assignetur.
