2007 3620
426 334 532 378 ετ
575 317 1193 383 conaturum«.
1397 326 1507 404 501'

113 414 295 468 lavit.
334 415 449 480 Quo
475 419 534 468 de
559 418 769 485 negotio
785 433 984 486 agatur,
1013 420 1267 473 incertum.
1302 422 1516 477 Codices

114 491 261 557 regii
298 489 506 541 scribunt
528 491 822 560 Sagouana

199 575 362 626 433,
388 579 484 623 25.
520 564 749 614 Exercitu
771 565 1025 625 concordi,
1062 566 1107 615 ἃ
1146 565 1258 616 bene
1280 568 1337 617 de
1374 584 1515 634 repu-

113 636 264 686 blica
283 631 537 700 sentiente
578 638 650 686 lta
675 636 928 688 Lambinus
967 640 1253 689 auam-itate
1290 652 1510 690 veterum

115 708 384 759 codicum.
415 707 509 758 Pro
531 710 604 758 his
630 706 919 760 Gebhardus
951 712 1115 761 maluit
1142 714 1419 780 vulgatum,
1442 713 1515 763 si-¹
1565 760 1569 766 .

109 796 206 835 cut
232 780 417 830 milltes
429 779 657 846 faciunt,
682 783 810 866 quod
831 783 1024 833 videtur
1046 784 1139 834 effe
1161 786 1386 835 alienum.

196 866 358 917 434,
388 854 562 903 ΒΑΜ
594 854 752 904 timori
784 855 1015 905 videbam.
1051 858 1277 906 Abundat
1306 874 1403 907 vox
1442 848 1520 907 ul-

112 927 244 978 tima
266 958 282 984 ,
315 942 461 991 quum
483 926 772 991 praecefferit
808 930 1011 975 verbum
1038 926 1276 993 sciebam,
1309 947 1400 980 nec
1434 943 1514 999 ta·

112 1016 242 1050 men
282 1000 489 1047 delenda
505 1032 520 1058 ,
544 998 698 1063 inquit
720 999 850 1049 frid.
878 997 1181 1049 Gronovius.
1215 1002 1366 1053 Valet
1387 1005 1516 1054 enim

115 1084 325 1123 tantum
343 1102 359 1128 ,
381 1087 437 1119 ac
461 1071 500 1120 si
521 1070 767 1136 repetifl'et
780 1067 985 1136 sciebam
1011 1089 1116 1120 cum
1133 1074 1326 1122 verbo*
1309 1093 1515 1140 mquam.

117 1146 179 1196 ln
208 1144 289 1192 his
313 1160 421 1192 cum
458 1141 661 1194 Graevio
689 1143 960 1193 Manutium
983 1143 1035 1194 &
1059 1145 1336 1195 Lambinum
1357 1148 1516 1214 sequi-

114 1234 258 1268 mur.
292 1215 557 1265 Praeiverat
576 1217 643 1266 H.
668 1217 960 1282 Stephanus.

200 1288 338 1340 Ibid.
368 1288 450 1338 16.
475 1288 729 1338 Mulionis.
761 1289 952 1339 Viftum
975 1290 1100 1338 enim
1121 1290 1401 1341 adolescens
1421 1290 1514 1342 sibi

115 1374 505 1428 comparaverat
529 1362 859 1429 comparandis
880 1363 1020 1412 mulis
1041 1395 1057 1422 ,
1085 1363 1310 1430 farreque
1340 1364 1389 1414 in
1415 1381 1521 1415 cas·

117 1448 204 1487 tra
226 1434 580 1484 convehendo.

204 1508 339 1558 lbid.
376 1523 464 1557 20.
488 1507 603 1557 Nisi
624 1526 715 1559 uno
742 1508 852 1558 loco
872 1525 943 1557 me
971 1522 1191 1558 tenerem.
1214 1506 1425 1559 Rutilius
1448 1510 1519 1560 le·

118 1579 200 1649 git
217 1614 233 1640 ,
261 1579 359 1630 nisi
381 1597 472 1628 uno
494 1580 602 1630 loco
622 1594 928 1639 metarentur,
953 1581 1097 1630 castra
1119 1583 1279 1648 posita
1302 1583 1513 1687 habere·

121 1670 279 1711 mus,
309 1652 455 1719 idque
477 1654 650 1718 probat
672 1653 799 1704 Frid.
827 1650 1130 1703 Gronovius.

123 1748 129 1756 ·
202 1726 376 1790 436..
412 1738 500 1788 23·
544 1724 614 1774 Ut
645 1743 798 1777 errare
821 1725 928 1776 id...
955 1726 1163 1788 voluisti.
1197 1725 1304 1775 Ut
1291 1743 1338 1775 ιη
1367 1743 1431 1776 ea
1460 1742 1513 1778 re

121 1815 304 1851 errare
324 1798 543 1856 voluisti,
583 1815 726 1865 quum
751 1817 809 1849 ea
841 1800 900 1849 de
939 1798 1126 1863 Lepido
1155 1799 1371 1866 sperasti,
1406 1817 1511 1866 quae

122 1889 250 1922 vera
278 1870 375 1921 effe
411 1872 652 1936 cupiebas.
679 1873 751 1922 Ita
777 1872 1049 1922 Manutius.
1070 1873 1170 1921 Alii
1190 1906 1205 1931 ,
1240 1887 1291 1921 ut
1314 1890 1467 1923 errare
1487 1906 1504 1932 ‚

122 1946 194 1994 mi
213 1944 424 2000 Plance,
450 1944 654 2006 voluisti.
677 1944 904 2012 Egnatius
932 1946 1126 2012 legebat
1144 1978 1160 2002 ,
1182 1945 1336 1994 veram
1357 1961 1409 1994 ut
1430 1964 1510 1996 er-

123 2035 246 2068 rans
277 2017 333 2065 id
351 2048 366 2073 ,
391 2013 572 2065 Plance
591 2049 605 2074 ,
630 2017 819 2080 voluisti
834 2051 851 2072 ,
889 2019 970 2083 qui
999 2017 1119 2066 enim
1141 2018 1192 2067 id
1219 2032 1265 2067 te
1282 2016 1473 2086 fhgeret
1490 2052 1508 2079 ,

124 2105 218 2139 aue
256 2089 329 2139 sic
358 2088 513 2156 decipi
535 2088 624 2138 &c-

203 2161 351 2225 438,
398 2176 444 2222 5.
475 2159 627 2232 Quum
663 2160 713 2211 in
732 2159 868 2228 Isara
884 2161 1100 2228 flumine.
1131 2163 1204 2212 Ita
1226 2179 1255 2213 e
1295 2162 1509 2230 vestigiis

126 2234 236 2285 rnss‘.
265 2233 543 2291 Corradus,
571 2235 714 2299 idque
749 2235 928 2299 placuit
955 2234 1156 2284 Graevio
1174 2268 1190 2292 ,
1225 2235 1305 2300 qui
1343 2247 1507 2287 tamen

125 2313 315 2358 vo'cern
337 2305 548 2355 ultimam
578 2306 709 2355 delet
726 2303 969 2371 tamquam
996 2305 1219 2371 glossema
1241 2322 1269 2354 e
1294 2309 1509 2374 margine

125 2380 250 2445 ipsis
282 2378 448 2428 Planci
481 2378 640 2428 verbis
671 2377 918 2427 insertum.
952 2378 1120 2446 Vulgo
1159 2396 1291 2445 quum
1325 2376 1508 2445 Isaram

203 2469 332 2501 men.

120 2452 371 2587 ³‹111439,
419 2538 467 2585 5.
504 2522 709 2573 Duobus
741 2522 839 2586 iam
874 2519 1138 2588 consulibus
1178 2521 1507 2592 singularibus.

134 2596 370 2649 Graevius
399 2596 526 2647 reete
548 2597 680 2646 delet
705 2613 877 2646 vocem
898 2597 1127 2646 ultimam.

215 2668 345 2717 lbid.
391 2669 477 2720 16.
526 2666 934 2735 Misericordiam.
961 2704 975 2720 .
1000 2704 1016 2718 .
1053 2666 1329 2735 defiseurum.
1375 2667 1509 2724 Vide

136 2738 370 2793 Gellium
400 2756 419 2790 1
440 2774 455 2800 ‚
492 2754 541 2804 3.
566 2743 617 2792 &
647 2742 819 2792 Sanffli
846 2742 1117 2793 Minervam
1148 2757 1207 2807 3,
1238 2756 1323 2793 11.

212 2828 358 2886 ‚442³
388 2826 440 2882 3.
473 2814 532 2865 Si
550 2831 642 2866 uno
663 2814 772 2868 loco
813 2813 963 2886 effem.
996 2816 1051 2871 Si
1073 2816 1248 2871 eodem
1274 2815 1390 2872 loco
1426 2831 1504 2872 m·
