2007 3620
430 293 433 296 ’
529 337 683 417 310
835 313 1612 382 EPISTOLARUM

526 430 805 517 cognosci
845 427 941 490 su&
976 426 1180 508 sponte
1219 425 1468 507 possent.
1511 425 1634 487 Sed
1672 420 1912 505 quando

529 535 692 577 tanta
734 512 845 573 faex
894 505 976 569 est
1028 510 1087 567 in
1129 507 1272 568 urbe
1305 552 1324 581 ‚
1383 527 1448 570 ut
1492 508 1636 567 nihil
1682 526 1817 565 tarn
1854 505 1913 564 sit

530 597 767 669 ἆαόοημυ
789 638 807 666 ,
850 588 1011 673 quod
1047 608 1167 649 non
1218 589 1385 649 alicui
1425 587 1757 651 venustum
1811 584 1912 647 esse

529 678 837 747 videatur3
884 690 1078 753 pugna
1099 716 1119 745 ‚
1153 671 1200 730 si
1236 690 1331 731 me
1361 691 1522 730 amas
1547 715 1567 743 ,
1602 671 1729 729 nisi
1759 687 1916 728 acuta

533 755 839 836 ἅμφιζολία
879 798 897 826 ,
963 753 1075 811 nisi
1129 751 1364 833 elegans
1416 749 1690 826 ὄεσρςολὲ
1735 793 1759 824 ,
1818 750 1914 807 nisi

531 840 906 913 παράγραμμα
949 833 1169 892 bellum
1203 875 1222 905 ‚
1271 833 1380 892 nisi
1414 828 1743 891 ridiculum
1783 830 1915 900 παρὰ

531 912 884 993 προσδοκίαν,
914 915 1025 973 nisi
1052 930 1282 986 cetera,
1317 930 1444 993 quae
1484 910 1618 971 sunt
1664 932 1702 969 a
1737 928 1837 969 me
1865 911 1910 967 in

532 992 787 1054 secundo
839 993 989 1053 libro
1055 993 1132 1053 de
1183 990 1438 1053 Oratore
1497 1011 1608 1071 per
1668 990 1912 1051 Antonii

534 1073 842 1157 personam
887 1073 1167 1155 disputata
1205 1073 1278 1135 de
1316 1073 1568 1133 ridiculis
1599 1115 1621 1144 ,
1667 1074 1874 1148 ’ίοἿιχια
1891 1113 1908 1142 ,

534 1158 600 1215 &
633 1173 829 1237 arguta
855 1156 1215 1236 apparebunt
1237 1198 1258 1225 ,
1281 1170 1347 1214 ut
1375 1154 1754 1214 sacramento
1787 1172 1910 1209 con-

535 1237 739 1297 tendas
786 1255 931 1295 mea
985 1258 1106 1296 non
1160 1233 1293 1297 esse.
1347 1233 1499 1296 Nam
1555 1234 1635 1294 de
1694 1230 1908 1311 judiciis

536 1316 699 1398 quod
730 1319 1025 1398 quereris»,
1060 1317 1244 1377 multo
1273 1314 1476 1377 laboro
1511 1315 1739 1374 minus.
1779 1312 1909 1372 Tra-

536 1398 742 1459 hantur
793 1417 899 1477 per
955 1418 1053 1459 me
1146 1398 1349 1458 edibus
1406 1416 1618 1457 omnes
1682 1397 1809 1467 rei3
1847 1395 1906 1453 sit

538 1479 636 1538 vel
675 1478 861 1537 Selius
898 1493 1020 1536 tam
1058 1498 1092 1538 e
1118 1498 1341 1559 oquens
1365 1521 1384 1549 ‚
1431 1495 1497 1537 ut
1586 1479 1739 1536 oss'it
1770 1495 1903 1555 pro-

537 1558 672 1617 bare
714 1555 771 1616 se
805 1556 1093 1630 liberum3
1136 1581 1257 1619 non
1294 1558 1518 1618 laboro.
1615 1556 1907 1617 rbanitatis

537 1636 957 1721 possessionem
976 1684 996 1713 ‚
1026 1641 1237 1700 amabo
1256 1684 1277 1713 ‚
1313 1638 1605 1722 quibusvis
1636 1637 1907 1699 interdic-

537 1722 612 1782 tis
656 1719 1070 1782 defendamus:
1115 1721 1175 1779 in
1255 1741 1329 1779 ua
1361 1738 1419 1782 te
1454 1741 1640 1779 unum
1675 1737 1903 1786 metuo,

539 1822 861 1864 contemno
915 1820 1161 1864 ceteros.
1299 1801 1506 1863 erideri
1567 1819 1630 1863 te
1692 1797 1906 1881 putas?

540 1882 711 1944 Nunc
744 1885 981 1944 demum
1010 1884 1272 1965 intelligo
1299 1901 1361 1945 te
1387 1883 1606 1965 sapere.
1640 1881 1766 1943 Sed
1794 1899 1905 1941 me-

539 1964 802 2024 hercules
845 1983 1008 2026 extra
1056 1962 1255 2043 jocum
1296 2010 1318 2038 ‚
1386 1964 1561 2025 valde
1606 1964 1761 2024 mihi
1801 1978 1901 2022 tuae

539 2045 743 2105 litterae
807 2043 1012 2106 facetae
1046 2088 1065 2118 ‚
1122 2044 1531 2128 elegantesque
1576 2043 1722 2104 visae
1770 2044 1901 2105 sunt.

540 2124 648 2185 Illa
694 2128 956 2206 quamvis
996 2126 1237 2186 ridicula
1272 2123 1488 2202 essent,
1527 2127 1682 2187 sicut
1712 2139 1899 2195 erant,

541 2206 683 2267 mihi
722 2221 918 2266 tamen
951 2205 1125 2266 risum
1171 2229 1290 2268 non
1326 2220 1642 2269 moverunt
1677 2227 1693 2265 ε
1742 2207 1896 2286 cupio

540 2291 700 2350 enim
734 2285 987 2347 nostrum
1025 2288 1188 2348 illum
1235 2290 1485 2349 amicum
1525 2290 1586 2346 in
1627 2288 1896 2349 tribunatu

554 2369 722 2452 quem
793 2368 1105 2449 plurimum
1161 2369 1376 2429 habere
1479 2371 1738 2431 ravitatis
1777 2389 1794 2429 τ
1845 2366 1896 2426 id

543 2472 724 2532 quum
760 2451 938 2530 ipsius
978 2449 1149 2511 causa
1189 2457 1216 2527 ζ
1252 2448 1333 2511 est
1365 2391 1546 2524 milui,
1580 2467 1649 2511 ut
1678 2449 1812 2521 θεὶς,
1842 2448 1900 2506 in

476 2564 484 2575 ·
545 2530 837 2592 amoribus
879 2530 907 2612 )
958 2548 1084 2591 tum
1129 2531 1460 2593 mehercule
1494 2532 1675 2591 etiam
1713 2532 1902 2610 reipu-

543 2613 711 2674 blicae
733 2657 750 2685 ,
792 2632 966 2692 quam
1000 2612 1272 2694 quidem,
1351 2614 1573 2673 uamvis
1601 2615 1667 2673 in
1704 2632 1802 2673 me
1824 2613 1896 2670 in-

588 2711 708 2768 rata
748 2694 819 2753 sit
845 2739 864 2767 ‚
913 2714 1104 2754 amare
1144 2715 1265 2753 non
1350 2695 1592 2754 esinam.
1642 2692 1744 2754 Tu
1774 2740 1793 2768 ,
1829 2690 1895 2750 mi

546 2716 836 2835 Z'olumni
864 2820 884 2849 ‚
920 2775 1154 2855 quando
1202 2776 1267 2835 &
1304 2772 1577 2835 instituisti
1607 2819 1626 2847 ,
1671 2775 1739 2834 &
1776 2772 1900 2835 mihi

544 2856 714 2921 vides
755 2852 868 2919 effe
917 2874 1147 2940 gratum
1182 2899 1206 2935 ,
1259 2854 1438 2921 scribe
1483 2855 1560 2922 ad
1597 2875 1696 2919 me
1739 2856 1896 2940 quim
