2007 3620
291 247 421 315 AD
443 246 894 314 FAMILIAR.
921 244 1095 311 LIB.
1121 244 1193 311 V
1194 240 1251 308 Ι.
1324 257 1421 309 22
1429 251 1476 329 5

146 360 204 423 &
234 362 325 421 ubi
365 360 582 422 futurus
618 360 692 419 sis
722 402 740 431 ‚
772 374 869 430 ut,
910 371 1009 416 aut
1046 354 1164 434 qub
1203 352 1480 427 scribam.

142 440 226 503 a'ut
256 444 368 524 qub
404 443 687 511 veniam,¹
729 437 868 498 scire
903 437 1146 518 possim.
1187 433 1361 494 Vale.

220 571 300 633 Μ.
339 570 416 633 Τ.
459 569 536 631 C.
575 566 1171 641 A..TonQuA·ro
1217 562 1277 625 S.
1315 561 1400 623 D.

142 704 667 771 APPROPINQUANYE
704 701 821 752 belli
849 697 1180 767 Hispaniensis
1210 696 1342 745 exitu
1364 729 1380 754 ‚
1406 690 1495 759 so·

204 778 362 827 latium
379 811 395 836 ‚
437 778 762 845 qualecumque
777 775 932 842 potest
951 773 998 822 in
1020 790 1071 823 re
1104 771 1289 839 trepida
1312 803 1330 825 ,
1358 768 1498 816 adhi-

176 857 179 858 ’
205 851 277 900 bet
300 868 320 908 ,·
345 852 391 900 ὃ·
415 852 620 913 studium
647 866 703 897 ac
733 846 1024 916 diligentiam
1047 842 1181 911 suam
1208 842 1495 911 pollicetur.

213 924 350 974 Anno
391 923 456 973 U.
499 927 556 975 C.
598 938 716 987 7⁰7·

150 1105 203 1167 14.
217 1023 334 1153 N*
358 1111 403 1154 ο
421 1112 468 1153 v
488 1110 513 1151 1
531 1137 552 1166 ,
594 1088 754 1170 quod
780 1088 853 1148 ad
892 1106 951 1149 te
990 1087 1293 1149 scriberem
1311 1131 1330 1161 ‚
1353 1084 1500 1155 nihil

153 1191 256 1234 erat
286 1193 305 1247 ;
333 1175 396 1234 ἃ.
431 1191 632 1233 tamen
661 1173 708 1231 si
750 1170 891 1251 quid
923 1169 1062 1230 esset
1084 1215 1102 1244 ,
1140 1169 1392 1228 sciebam
1434 1183 1495 1226 te

157 1274 186 1326 a
221 1257 318 1315 tuis
373 1255 685 1315 certiorem
734 1249 861 1311 fieri
899 1250 1103 1311 solere.
1153 1248 1255 1308 De
1293 1247 1499 1306 futuris

159 1353 326 1395 autem
364 1334 533 1397 rebus
583 1332 693 1393 etsi
741 1329 967 1412 semper
1006 1328 1236 1390 difficile
1284 1326 1367 1387 est
1406 1325 1503 1385 di-

166 1427 319 1490 cere‚‘
350 1431 547 1477 tamen
599 1412 888 1472 interdum
941 1407 1269 1490 conjeffura
1311 1409 1505 1488 possis

165 1498 373 1576 propihs
396 1494 678 1558 accedere
697 1536 717 1566 ,
765 1488 943 1574 quu'm
961 1491 1045 1553 est
1067 1512 1156 1551 res
1177 1486 1501 1569 ejusmodi,

169 1574 302 1655 cuius
321 1581 501 1638 exitus
525 1573 821 1657 provideri
847 1576 1050 1653 possit.
1077 1570 1245 1631 Nunc
1273 1570 1504 1629 tantiam

168 1657 404 1720 videmur
442 1655 767 1736 intelligere
789 1698 809 1726 ‚
834 1674 957 1712 non
1002 1653 1333 1710 diuturnum
1380 1648 1508 1706 bel-

170 1736 268 1796 lum
302 1761 320 1813 ;
353 1741 456 1800 etsi
486 1738 551 1798 id
597 1733 780 1817 ipsum
806 1732 1097 1793 nonnullis
1130 1730 1398 1790 videatur
1422 1726 1512 1785 se·-

173 1837 270 1879 cus.
303 1819 595 1903 Equidem
635 1835 813 1897 quum
845 1816 965 1874 haec
987 1813 1316 1873 scribebam
1342 1853 1359 1881 ‚
1399 1806 1517 1866 ali·-

177 1901 290 1977 quid
324 1901 435 1977 jam
486 1898 682 1961 aestum
728 1896 999 1976 putabam
1032 1914 1206 1953 :non
1260 1892 1377 1970 qub
1418 1911 1512 1971 ego

181 1983 293 2040 cerui
320 1984 488 2062 sciam
512 2027 533 2054 ,
575 1977 674 2038 sed
717 1977 876 2058 qubd
920 1977 1075 2035 haud
1107 1970 1356 2032 difficilis
1391 1986 1515 2029 erat

181 2058 491 2138 coniectura.
536 2059 695 2120 Nam
731 2077 909 2138 quum
943 2057 1132 2114 omnis
1168 2053 1311 2113 belli
1351 2049 1519 2110 Mars

182 2146 470 2204 communis
502 2188 520 2217 ,
563 2141 628 2199 &
651 2160 828 2219 quum
859 2135 1080 2217 semper
1101 2135 1304 2207 ‚incerti
1330 2134 1521 2192 exitus

186 2223 490 2299 proeliorum
551 2219 742 2291 sunt·;
783 2235 907 2278 tum
960 2218 1074 2276 hoc
1126 2232 1391 2292 tempore
1436 2215 1518 2272 ita

192 2318 378 2383 magnae
408 2307 588 2364 utrim
634 2318 705 2360 ue
733 2301 919 2376 copiae
940 2341 959 2367 ,
996 2299 1076 2355 ita
1100 2312 1308 2373 paratae
1330 2290 1404 2347 ad
1425 2291 1525 2350 de-

188 2386 533 2464 pugnandum
570 2321 685 2442 esse
733 2379 998 2437 dicuntur
1026 2419 1046 2448 ‚
1081 2389 1191 2445 ut,
1221 2389 1532 2432 utercum-

189 2480 284 2540 que
316 2468 551 2534 vicerit,
595 2481 715 2520 non
753 2461 826 2519 sit
863 2459 1070 2516 mirum
1117 2453 1385 2513 futurum.
1423 2449 1531 2509 Illa

191 2541 240 2600 in
276 2543 389 2606 dies
443 2542 706 2625 singulos
748 2541 932 2621 magis
980 2533 1272 2615 magisque
1326 2533 1530 2611 opinio

190 2618 475 2685 hominum
504 2621 878 2683 confirmatur
896 2664 916 2693 ‚
949 2620 1123 2677 etiam
1145 2618 1194 2673 si
1224 2618 1371 2673 inter
1400 2631 1541 2670 cau--

193 2699 267 2761 sas
301 2725 590 2766 armorum
634 2703 983 2782 aliquantum
1034 2698 1256 2757 intersit
1283 2740 1301 2767 ,
1339 2710 1544 2752 tamen

192 2781 325 2845 'mter
363 2786 636 2875 vissqrias
673 2804 798 2845 non
831 2781 1078 2845 multum
1119 2773 1550 2915 ἱηιειιέιιωτιῃῐι,

1167 2884 1170 2885 ’
1306 2877 1349 2924 V.
