2007 3620
496 309 648 371 220
754 283 1547 363 ‘Ems‘rozanvm

493 412 693 473 debes,
730 410 926 492 Atque
966 411 1088 469 haec
1130 409 1270 467 mihi
1325 405 1878 491 scribenti‘venieae·

493 494 595 553 bat
643 496 700 552 in
744 509 1044 564 mentem,
1095 510 1191 549 me
1233 510 1369 549 eum
1407 488 1561 563 effe,
1604 486 1769 566 cujus
1806 508 1873 548 tu

496 573 960 654 desperationem
975 569 1235 630 accusare
1253 568 1447 630 solitus
1469 569 1609 631 effes
1628 614 1648 642 ‚
1665 589 1876 650 quem·

497 675 612 735 que
659 652 988 713 auctoritate
1027 651 1127 711 tu‘a
1180 649 1541 712 enudantem
1597 650 1662 709 &
1704 648 1880 708 diffi-

432 791 435 792 γ
496 736 734 795 dentem
790 736 1063 793 excitare.
1101 730 1249 809 Quo
1304 731 1541 811 quidem
1593 741 1876 809 tempore

496 837 618 875 non
658 834 770 895 ego
815 815 1037 874 causam
1088 811 1378 885 nostram,
1422 810 1520 871 sed
1561 811 1882 871 consilium

497 894 920 974 improbabam.
960 893 1105 955 Serb
1144 894 1300 953 enim
1321 913 1428 951 nos
1464 895 1533 952 iis
1563 894 1742 951 armis
1773 892 1880 951 ad-

497 974 707 1044 versari
741 976 1019 1038 videbam
1042 1017 1060 1046 ‚
1106 994 1233 1053 quae
1267 973 1451 1032 multb
1492 974 1622 1031 ante
1660 971 1883 1032 confir-

433 1119 436 1122 ,
498 1074 657 1116 mata
696 1061 802 1135 p'er
857 1053 1238 1133 nosmetipsos
1284 1071 1501 1125 erant3
1552 1051 1883 1112 dolebam-

505 1156 617 1217 que
642 1181 659 1209 ,
702 1135 830 1215 pilis
861 1137 923 1195 &
1000 1134 1162 1193 ladiis
1188 1179 1205 1207 ,
1255 1155 1375 1192 non
1422 1134 1671 1192 consiliis
1710 1178 1731 1203 ,
1778 1154 1884 1194 ne-

547 1237 619 1277 ue
659 1215 974 1277 au&oritati
1016 1236 1081 1275 us
1119 1212 1320 1274 nostris
1358 1211 1594 1291 dejure
1634 1213 1884 1293 publico

504 1237 829 1378 disceptari.
860 1296 1069 1377 Neque
1093 1315 1208 1376 ego
1234 1314 1340 1367 ea,
1374 1315 1499 1375 quae
1538 1293 1683 1353 faaa
1710 1294 1884 1372 sunt,

509 1378 637 1438 fore
681 1399 859 1459 quum
912 1378 1177 1437 dicebam
1211 1420 1231 1449 ‚
1277 1374 1602 1434 divinabam
1637 1373 1886 1436 futura:

510 1458 611 1519 sed
649 1458 809 1538 quod
839 1457 899 1516 δι
923 1456 1049 1516 fieri
1074 1453 1231 1536 posse
1249 1500 1269 1529 ‚
1298 1456 1358 1514 ὅ(
1383 1454 1684 1516 exitiosum
1708 1455 1847 1517 fore
1865 1503 1884 1533 ‚

512 1542 562 1597 si
598 1536 872 1597 eveniss'et
896 1582 915 1611 ‚
946 1538 1221 1596 videbam
1250 1580 1270 1607 ,
1322 1536 1382 1595 id
1431 1557 1503 1597 ne
1552 1536 1886 1612 accideret,

512 1618 829 1691 timebam3
860 1616 1173 1697 praesertim
1205 1637 1382 1696 quum
1408 1662 1427 1690 ‚
1463 1620 1509 1677 si
1541 1616 1680 1675 mihi
1710 1618 1888 1679 alter-

515 1717 707 1761 utrum
741 1699 812 1759 de
848 1717 1066 1759 eventu
1104 1717 1273 1777 atque
1311 1699 1469 1757 exitu
1508 1718 1702 1757 rerum
1751 1721 1892 1779 pro-

448 1850 451 1855 ,
517 1781 862 1842 mittendum
899 1778 1076 1853 effer,
1106 1779 1166 1838 id
1202 1776 1487 1851 futurum,
1529 1778 1691 1860 quod
1737 1800 1892 1842 eve·

519 1865 606 1922 nit
649 1907 667 1933 ‚
707 1860 1057 1942 exploratius
1163 1858 1344 1919 offem
1391 1862 1758 1940 promittere.
1815 1861 1891 1922 Iis

520 1943 678 2002 enim
717 1944 886 2000 rebus
923 1881 1320 2020 praestagamus
1345 1985 1365 2014 ‚
1404 1963 1532 2023 quae
1572 1962 1694 2001 non
1740 1964 1892 2022 pro·

522 2022 706 2081 deunt
743 2024 806 2080 in
847 2024 1032 2080 aciem
1069 2043 1087 2093 ;
1121 2021 1222 2082 usu
1255 2037 1451 2082 autem
1492 2043 1790 2082 armorum
1836 2025 1894 2082 δε

522 2101 770 2161 militum
810 2102 1023 2161 robore
1055 2099 1354 2162 inferiores
1398 2123 1642 2162 eramus,
1682 2102 1801 2164 Sed
1834 2122 1892 2164 tu

524 2184 689 2242 illum
735 2184 987 2241 animum
1020 2203 1171 2240 nunc
1205 2183 1411 2243 adhibe
1440 2228 1460 2254 ,
1498 2182 1695 2263 quaeso
1717 2231 1736 2257 ‚
1776 2206 1892 2266 quo

528 2284 628 2324 me
662 2279 786 2323 tum
821 2261 933 2322 esse
967 2281 1239 2342 oportere
1282 2263 1570 2323 censebas.
1620 2264 1768 2323 Haec
1821 2268 1893 2326 eb

527 2344 763 2423 scripsi,
799 2343 961 2424 quod
988 2343 1128 2402 mihi
1149 2341 1514 2424 Philargyrus
1536 2361 1667 2404 tuus
1703 2349 1893 2406 omnia

529 2425 609 2486 de
643 2442 700 2485 te
741 2445 802 2483 re
848 2427 1099 2496 uirenti,
1136 2421 1473 2484 fidelissimo
1516 2429 1718 2486 animo
1776 2426 1802 2504 (
1835 2441 1895 2486 ut

531 2505 674 2564 mihi
749 2447 944 2578 uidem
977 2505 1126 2565 visus
1148 2502 1273 2585 est)
1298 2508 1586 2580 narravit,
1628 2523 1687 2566 te
1723 2509 1895 2567 inter-
1979 2504 1981 2559 ἷ

533 2586 675 2644 dum
741 2585 1021 2645 ollicitum
1063 2584 1244 2644 solere
1284 2584 1396 2645 effe
1437 2587 1846 2647 vehementius
1881 2606 1898 2647 ε

533 2665 697 2745 quod
743 2663 933 2725 facere
979 2685 1100 2724 non
1139 2665 1316 2725 debes
1356 2711 1373 2739 ‚
1420 2687 1527 2726 nec
1580 2669 1840 2728 dubitare
1873 2711 1896 2739 ,
1979 2702 1981 2739 ς

533 2749 674 2826 quin
708 2761 806 2804 aut
849 2745 1040 2826 aliqua
1077 2746 1371 2825 republica
1404 2749 1477 2804 sis
1508 2745 1774 2822 futurus,
1801 2748 1898 2826 qui
1979 2754 1981 2761 '

534 2826 649 2891 effe
673 2825 885 2901 debes;
907 2843 1002 2890 aut
1026 2825 1251 2911 perdita
1284 2847 1404 2891 non
1432 2825 1735 2894 affliffiore
1759 2847 1900 2897 con:-
