2007 3620
258 3209 459 3380 Ἢ

496 318 653 397 450
798 301 1542 373 EPISTOLARUM

558 441 582 477 s
641 420 807 480 timui
852 439 868 478 ε
919 416 1080 498 quod
1129 418 1375 477 vitatum
1434 438 1559 478 non
1623 414 1849 483 molesti

491 437 644 561 gro.
703 497 896 579 Quod
935 499 1009 559 de
1051 496 1246 557 Planci
1291 497 1354 558 &
1398 495 1568 559 Bruti
1611 522 1857 561 concor·

494 581 592 641 dia
628 579 836 641 ‘scribis
878 622 899 653 ,
951 582 1012 639 in
1059 599 1134 639 eo
1188 578 1288 638 vel
1338 581 1660 639 maximam
1716 581 1862 663 spem

494 682 661 743 pono
699 659 974 723 vistoriae.
1036 657 1136 720 De
1179 658 1488 720 Gallorum
1528 659 1729 723 studio
1772 685 1860 722 nos

497 742 811 822 aliquando
867 741 1171 802 noscemus
1203 784 1224 814 ‚
1266 757 1331 800 ut
1387 738 1589 802 scribis
1631 786 1652 817 ‚
1721 742 1865 823 cujus

494 823 556 882 id
596 845 635 882 o
679 824 778 882 era⁴
820 822 1069 882 maxime*
1110 824 1422 881 excitatum
1453 824 1529 882 sit
1552 842 1573 895 ;
1625 822 1733 884 sed
1768 822 1871 903 jam
1965 884 1966 889 ,

494 900 525 981 (
553 844 691 970 ηιίξὶ
723 902 896 963 crede
927 901 956 983 )
992 903 1398 995 cognovimus.
1434 900 1647 984 Itaque
1678 903 1874 981 jucun·
1965 906 1966 975 J

500 981 746 1042 dissimis
790 984 901 1044 tuis
954 983 1155 1044 litteus
1207 980 1595 1043 stomachatus
1637 984 1770 1044 sum
1822 988 1877 1044 in
1965 1028 1966 1031 η

469 1077 780 1127 extremo.
836 1062 1047 1124 Scribis
1105 1065 1262 1123 enim
1290 1108 1310 1137 ‚
1368 1065 1428 1121 si
1469 1066 1531 1123 in
1592 1064 1875 1126 Sextilem

497 1148 767 1218 comitia,
792 1145 908 1204 cito
935 1160 993 1204 te
1017 1165 1034 1218 3
1069 1143 1157 1203 sin
1186 1142 1302 1222 jam
1336 1140 1605 1205 confecia
1626 1191 1644 1218 ,
1673 1148 1875 1219 citius,

496 1246 571 1285 ne
605 1226 814 1288 diutius
859 1245 990 1285 cum
1028 1223 1287 1305 periculo
1321 1220 1507 1284 fatuus
1546 1229 1647 1286 sis.
1695 1225 1761 1287 O
1797 1228 1872 1285 mi

496 1301 670 1366 Furni
703 1353 720 1378 ,
756 1305 932 1387 quam
962 1324 1028 1367 tu
1060 1303 1283 1365 causam
1315 1322 1474 1364 tuam
1511 1323 1638 1365 non
1677 1304 1829 1366 nosti
1854 1351 1872 1379 ‚

501 1390 599 1466 qui
642 1388 854 1451 alienas
906 1404 1027 1446 tam
1066 1385 1234 1446 facile
1283 1383 1458 1444 discas
1499 1385 1516 1445 Ξ
1576 1384 1677 1446 Tu
1727 1407 1876 1447 nunc

501 1467 867 1527 candidatum
915 1483 974 1526 te
1019 1484 1183 1546 putas
1212 1510 1233 1540 ,
1284 1465 1350 1525 δὲ
1393 1465 1456 1524 id
1501 1469 1774 1555 cogitas»,
1816 1486 1873 1528 ut

501 1564 599 1606 aut
647 1546 721 1607 ad
762 1548 1000 1606 comitia
1040 1564 1270 1617 curras3
1306 1562 1445 1618 aut,
1488 1548 1534 1604 si
1569 1568 1696 1626 Jarn
1733 1569 1873 1607 con·

498 1625 645 1688 secia
673 1673 691 1701 ‚
747 1627 909 1688 domi
964 1643 1077 1687 tuae
1142 1629 1269 1698 sis;
1322 1624 1534 1686 scilicet
1598 1648 1677 1687 ne
1741 1648 1868 1687 cum

498 1711 753 1767 maximo
795 1709 1051 1788 periculo
1076 1753 1096 1782 ‚
1142 1724 1204 1768 ut
1236 1704 1427 1765 scribis
1449 1751 1470 1778 ,
1506 1704 1868 1766 stultissimus

500 1791 596 1850 sis.
641 1787 779 1849 Non
824 1788 1067 1849 arbitror
1110 1802 1168 1848 te
1214 1788 1294 1846 ita
1331 1784 1538 1847 sentire
1584 1805 1601 1846 ε
1657 1807 1862 1847 omnes

500 1873 660 1928 'enim
695 1886 826 1929 tuos
855 1869 930 1929 ad
957 1868 1187 1928 laudem
1211 1870 1460 1947 impetus
1484 1870 1647 1928 novi.
1676 1866 1869 1948 Qube}

499 1950 593 2021 si,
635 1967 696 2008 ut
734 1949 968 2023 scribis»,
1010 1950 1090 2007 ita
1128 1947 1340 2018 sentis3
1391 1968 1512 2006 non
1558 1952 1748 2030 magis
1779 1969 1862 2024 te,

546 2029 677 2088 uam
714 2030 790 2088 de
834 2045 891 2089 te
932 2027 1210 2106 judicium
1244 2026 1612 2108 reprehendo
1645 2049 1869 2089 meum.

497 2050 592 2168 3}
643 2108 994 2188 adipiscendi
1048 2105 1398 2191 magistratus
1461 2108 1748 2169 levissimi
1797 2111 1860 2168 ὅτ.

495 2188 935 2271 divulgatissimi
963 2232 982 2261 ‚
1024 2190 1074 2247 si
1117 2193 1198 2250 ita
1233 2187 1543 2268 adipiscare
1573 2232 1594 2262 ‚
1637 2206 1709 2253 ut
1749 2190 1870 2270 ple-

494 2269 660 2350 rique
701 2314 724 2340 ,
787 2287 1159 2349 praepropera
1201 2267 1485 2329 festinatio
1539 2268 1798 2330 abducet
1836 2291 1867 2328 a

482 2352 668 2410 'tantis
710 2348 1013 2421 laudibus,
1050 2350 1256 2432 quibus
1292 2366 1349 2409 te
1394 2367 1601 2409 omnes
1641 2352 1709 2409 in
1749 2370 1867 2409 coe-

495 2429 618 2491 lum
661 2428 785 2511 jure
833 2430 898 2490 &
941 2430 1087 2492 vere'
1114 2429 1354 2491 ferunt?
1387 2428 1620 2491 Scilicet
1654 2431 1720 2490 id
1752 2433 1867 2511 agi·

494 2527 588 2570 tur
614 2555 634 2582 ,
686 2513 876 2572 utrum
926 2511 1034 2570 hac
1075 2513 1423 2591 petitione,
1484 2531 1560 2570 an
1600 2513 1880 2591 proximis

496 2607 713 2675 praetor
763 2589 918 2665 fias;
976 2612 1097 2651 non
1124 2638 1147 2667 ‚
1202 2610 1268 2653 ut
1322 2593 1401 2652 ita
1451 2591 1527 2652 de
1572 2595 1866 2671 republica

493 2691 753 2733 mereare
795 2717 816 2747 ‚
884 2674 1048 2732 omni
1105 2673 1330 2735 honore
1385 2689 1452 2733 ut
1497 2672 1865 2753 dignissimus

497 2752 802 2831 indicere?
849 2752 1061 2813 Utrum
1106 2753 1285 2815 nescis
1318 2798 1338 2827 ‚
1384 2752 1557 2835 quam
1598 2754 1716 2813 alte¹
1766 2755 1868 2813 ad-

497 2832 783 2895 scenderis
818 2833 843 2894 .>
893 2854 966 2894 an
1016 2854 1121 2916 pro
1170 2834 1355 2895 nihilo
1411 2833 1471 2895 id
1516 2850 1687 2916 putas
1727 2834 1752 2894 ἓ
1813 2833 1869 2895 Si
