2007 3620
261 314 391 392 AD
412 324 862 393 mmmm.
884 321 973 389 L1
987 338 1062 390 B.
1086 322 1242 392 VII.
1316 319 1412 392 28
1427 340 1460 390 1

136 437 287 497 rebus
310 481 326 508 ‚
365 457 509 516 quae*
543 435 881 499 mehercule.
921 433 1063 493 mih'i
1093 455 1216 495 non
1262 438 1472 497 minori

134 536 268 577 curae
294 516 455 591 suut,
582 515 673 575 *m
700 535 868 576 meae.
903 514 1104 575 Valde
1128 534 1329 577 metuo
1352 561 1373 589 ,
1395 533 1471 577 ne

133 595 320 678 frigeas
365 600 429 657 in
462 537 718 657 hiffimis
740 615 769 656 r
808 594 1191 677 quamohrem
1238 598 1472 657 camino

132 675 403 738 luculento
429 678 716 737 utendum
739 673 966 737 censeo.
991 675 1156 736 Idem
1183 676 1249 736 &
1271 676 1476 737 Mucio

132 754 189 815 &
220 757 459 817 Manilio
497 757 799 837 placebat,'
834 754 1149 836 praesertim
1192 760 1294 837 qui
1326 756 1390 816 sa
1423 760 1474 818 's

133 856 237 895 non
266 837 618 897 abundares:
653 857 1000 918 quamquam
1027 858 1140 897 vos
1170 858 1323 897 nunc
1350 839 1362 852 ’
1417 839 1471 896 'c

133 912 245 975 satis
288 918 472 977 calere
525 916 697 978 audio
736 936 753 974 ε
812 938 929 997 quo
981 917 1216 995 quidem
1263 920 1476 978 nuntio

134 996 280 1056 valde
317 997 651 1057 mehercule
687 997 762 1057 de
794 1012 852 1056 te
890 998 1210 1057 timueram.
1250 996 1368 1057 Sed
1405 1016 1471 1059 tu

134 1074 182 1132 in
219 1095 274 1135 re
298 1078 536 1138 ‘militari
565 1076 749 1137 multb
785 1096 847 1136 es
892 1079 1111 1137 cautior
1132 1120 1151 1150 ‚
1192 1077 1363 1157 quam
1407 1081 1470 1136 in

134 1154 585 1226 advocationibus
625 1202 645 1231 ,
706 1158 805 1236 qui
857 1176 1049 1237 neque
1103 1159 1165 1218 in
1220 1154 1470 1218 Oceano

137 1252 305 1306 natare
338 1239 599 1312 ⁷§volueris
624 1282 644 1309 ‚
688 1235 1127 1297 studiosissimus
1153 1236 1336 1297 homo
1371 1257 1473 1297 na·
1580 1291 1589 1299 .

136 1317 270 1375 tandi
293 1337 315 1391 3
371 1338 564 1399 neque
613 1316 860 1398 speRare
903 1316 1250 1391 essedarios,
1289 1331 1476 1398 quem·

138 1411 281 1456 antea
325 1415 400 1459 ne
448 1396 798 1458 andabatam
893 1396 1091 1457 uidem
1132 1395 1478 1458 defraudare

142 1481 457 1539 oteramus.
515 1477 638 1539 Sed
694 1475 811 1555 jam
888 1480 991 1537 atis
1044 1476 1224 1555 jocati
1259 1477 1472 1538 sumus.

179 1578 242 1635 ε,ο
282 1558 351 1618 de
390 1577 450 1619 te
492 1558 570 1619 ad
616 1556 903 1618 Caesarem
947 1559 1123 1658 quam
1163 1558 1471 1640 diligenter

142 1631 421 1716 scripserim
450 1683 477 1712 ‚
512 1656 638 1699 tute
680 1635 782 1697 scis
823 1657 842 1710 3
890 1657 1066 1716 quam
1104 1638 1250 1717 saepe
1276 1683 1295 1710 ‚
1335 1658 1471 1719 ego·

141 1710 234 1774 Sed
261 1719 590 1779 mehercule
631 1715 747 1796 jam
781 1716 1189 1778 intermiseram
1214 1761 1233 1788 ‚
1271 1736 1347 1775 ne
1384 1720 1474 1775 vi-

141 1792 281 1857 sserer
301 1797 681 1861 liberalissimi
705 1798 953 1858 hominis
973 1843 992 1871 ,
1015 1800 1245 1877 meique
1279 1803 1476 1857 aman-³

141 1876 317 1947 tissimi
353 1880 653 1945 voluntati
684 1900 827 1963 erga
869 1900 971 1940 me
1016 1876 1294 1940 diffidere.
1352 1877 1498 1941 Sed*

142 1970 304 2018 tamen
349 1962 432 2022 his
472 1963 679 2024 litteris
715 2006 735 2033 ‚
785 1982 926 2043 quas
970 1960 1234 2042 proxime
1284 1961 1469 2034 dedi,

143 2042 311 2111 putavi
349 2041 460 2104 effe
506 2045 811 2103 homiuem
843 2041 1371 2101 couunonendum:
1408 2036 1470 2100 id

143 2111 271 2177 feci:
308 2124 442 2201 quid
477 2122 831 2206 profecerim
869 2167 892 2194 ‚
928 2121 1101 2182 facias
1141 2143 1236 2183 me
1283 2124 1467 2183 velim

148 2200 414 2262 certiorem
446 2223 469 2277 ·,
521 2203 588 2262 &
625 2203 792 2262 simul
835 2202 913 2263 de
949 2219 1081 2262 toto
1123 2200 1265 2262 statu
1300 2220 1403 2261 tuo
1449 2246 1471 2274 ‚

150 2281 468 2364 consiliisque
529 2284 824 2342 omnibus.
879 2279 1042 2341 Scire
1087 2284 1245 2340 enim
1296 2282 1473 2358 cupio

149 2358 264 2430 quid
293 2383 324 2419 a
360 2384 426 2423 as
452 2409 472 2438 ,
527 2364 668 2443 quid
706 2359 1002 2439 exspeEies
1038 2403 1059 2431 ‚
1120 2360 1293 2436 quam
1327 2360 1476 2416 lon-—

147 2449 264 2511 gum
297 2443 312 2498 i
394 2463 459 2500 m
491 2461 660 2504 tuum
709 2438 1005 2500 discessum
1048 2460 1079 2496 a
1120 2439 1289 2497 nobis
1322 2437 1474 2498 futu⁴

147 2530 254 2602 {um
284 2541 469 2599 putes.
498 2521 594 2584 Sic
648 2525 806 2584 enim
843 2520 946 2579 tibi
992 2516 1328 2598 persuadeas
1360 2538 1475 2581 ve-

147 2588 264 2685 ιι311,
298 2623 472 2661 unum
503 2604 642 2662 mihi
685 2599 802 2662 effe
833 2599 1097 2660 solatium
1118 2644 1137 2673 ‚
1178 2619 1352 2680 quare
1388 2598 1477 2657 fa-

148 2673 282 2736 “lius
356 2686 530 2742 ossim
570 2685 699 2763 pati.
734 2699 791 2743 te
839 2678 952 2757 esse
995 2684 1115 2739 sine
1169 2681 1377 2750 nobiS,
1418 2679 1469 2737 si

150 2752 236 2841 §bi
259 2779 290 2817 e
332 2783 365 2821 e
398 2763 460 2821 id
490 2763 887 2823 emolumento
916 2760 1124 2821 sciam:
1158 2763 1244 2818 sin
1276 2775 1475 2816 autem

149 2831 197 2892 nd
229 2857 348 2903 noa
376 2839 457 2905 est
481 2885 508 2920 ,
559 2843 700 2906 nihil
738 2841 973 2905 duobus.
1007 2839 1174 2902 nobis
1208 2836 1288 2901 est
1325 2834 1472 2912 stul-2

1521 3248 1662 3345 f*
