2007 3620
415 302 571 393 460
719 301 1474 370 Eptsrozanon

403 420 527 503 sam
584 418 652 497 est
691 436 902 475 manere
935 460 953 488 ‚
1001 434 1182 476 tamen
1205 460 1226 487 ,
1272 418 1405 495 quia
1458 418 1624 477 video
1687 416 1798 475 tali

416 519 646 577 tempore
694 498 865 556 mulio
902 499 1075 578 magis
1118 498 1420 578 legionibus
1457 519 1602 577 opus
1642 495 1741 574 effe
1772 541 1794 568 ‚

416 580 575 658 qucim
616 579 921 656 provinciis
940 622 961 648 ,
1008 598 1124 655 quae
1147 576 1442 659 ptaesbrtim
1482 579 1799 658 recuperari

418 659 574 718 nullo
616 660 826 740 negotio
884 655 1098 737 poffimt
1124 702 1146 729 ‚
1206 659 1495 738 constitui,
1550 676 1617 717 ut
1653 679 1801 717 nunc

418 743 526 818 est,
561 759 681 797 cum
716 739 955 797 exercitu
996 737 1285 818 proficifii.
1325 739 1555 797 Deinde
1597 759 1690 797 ex
1711 741 1809 798 lit-

418 821 551 879 teris
574 863 594 891 ‚
631 839 771 897 quas
803 817 1002 897 Pansa.
1034 819 1160 877 misi
1181 862 1200 889 ‚
1248 817 1534 899 cognosces
1572 821 1766 877 omnia
1785 841 1806 877 .·

418 921 545 960 nam
587 919 766 956 earum
801 898 904 956 tibi
938 899 1221 977 exemplar
1256 901 1402 958 misi.
1439 916 1619 960 ΠΗ.
1652 900 1804 958 Kal.

420 980 618 1059 April.
656 978 939 1038 Cordubae.
985 982 1146 1042 Vale.
1197 1024 1202 1031 .

450 1104 528 1169 C.
572 1106 920 1170 Asnuus
959 1105 1285 1169 Pomm
1331 1105 1773 1171 C1cssnom.

424 1239 475 1295 B
488 1256 523 1292 A
540 1255 616 1291 ιΒ
635 1256 659 1291 1
694 1239 925 1309 quaestoris
965 1236 1040 1304 sui
1066 1241 1263 1309 flagitia
1305 1240 1507 1309 exponit
1550 1257 1567 1292 .·
1635 1243 1799 1292 deinde

500 1316 558 1364 de
572 1313 661 1382 suo
683 1315 732 1365 iu
760 1331 904 1385 remp.
926 1313 1084 1373 studio
1106 1315 1260 1366 addit.
1296 1315 1442 1365 Anno
1468 1313 1537 1364 U.
1563 1318 1622 1365 C.
1652 1334 1766 1381 7¹⁰·

439 1491 535 1554 32.
565 1405 682 1531 B
698 1491 744 1534 A
765 1491 800 1532 ι.
821 1492 864 1532 8
884 1491 983 1533 vs
1008 1475 1223 1553 quaeflor
1242 1518 1260 1547 ‚
1290 1474 1492 1555 magni
1516 1472 1807 1533 numerati

430 1552 673 1637 pecunia¹
696 1597 716 1624 ‚
762 1574 954 1634 magno
987 1556 1224 1633 pondere
1262 1557 1428 1626 auri,
1468 1552 1679 1634 majore
1712 1576 1806 1612 ar-

431 1636 580 1719 genti
634 1638 813 1693 coaezo
865 1637 930 1692 de
966 1635 1208 1713 publicis
1257 1636 1638 1694 exustionibus
1666 1680 1686 1710 ,
1740 1655 1806 1693 ne

425 1717 698 1800 stipendio
741 1716 954 1792 quidem
1003 1715 1270 1773 militibus
1311 1717 1525 1775 reddito
1561 1759 1583 1786 ‚
1649 1717 1807 1774 duxit

429 1801 492 1879 se
529 1819 565 1854 a
602 1796 900 1869 Gadibus,
937 1794 992 1855 6·
1030 1797 1265 1855 triduum
1306 1796 1610 1877 tempestate
1647 1815 1801 1856 reten-
1863 1804 1866 1807 ’

442 1896 534 1938 tus
579 1878 658 1936 ad
697 1877 906 1955 Calpen
946 1920 966 1947 ‚
1021 1872 1165 1935 Kal.
1212 1879 1399 1939 Juniis
1448 1877 1674 1952 trajecit
1696 1874 1802 1956 sese

442 1958 504 2017 in
545 1976 757 2037 regnum
799 1956 1042 2040 Bogudis
1065 1998 1086 2025 ,
1119 1956 1290 2057 plani*
1319 1958 1447 2017 bene
1471 1959 1807 2039 peculiatus.

411 2037 563 2105 ,His
605 2037 904 2095 rumoribus
946 2081 966 2110 ‚
1023 2054 1198 2095 utrum
1253 2039 1444 2112 Gades
1492 2036 1758 2116 reftratur
1781 2080 1804 2109 ‚

444 2138 521 2176 an
554 2118 781 2174 Romam
808 2113 840 2194 (
877 2119 955 2174 ad
980 2117 1227 2197 singulos
1260 2119 1398 2177 enim
1429 2121 1660 2178 nuntios
1689 2138 1801 2177 tur·

442 2195 670 2279 pissime}
706 2195 947 2255 consilia
991 2200 1221 2270 mutat)
1256 2200 1492 2259 nondum
1512 2198 1662 2277 sisio.
1702 2198 1803 2258 Sed

441 2295 640 2360 praeter
675 2273 834 2356 furta
875 2319 895 2348 ,
944 2275 999 2352 6·
1032 2278 1262 2356 rapinas
1284 2322 1305 2349 ,
1353 2280 1408 2338 6·
1448 2280 1624 2360 virgis
1655 2278 1809 2357 caesos

440 2358 641 2439 fivcios'
656 2400 676 2427 ,
715 2357 825 2415 lzaec
865 2377 1072 2436 quoque
1092 2356 1233 2431 fecit
1260 2402 1279 2429 ,
1339 2377 1401 2417 ut
1437 2360 1457 2417 i
1486 2360 1549 2437 se
1585 2360 1808 2440 gloriati

440 2438 587 2519 solet
617 2471 649 2507 ,-
671 2439 852 2494 eadem
876 2480 896 2509 ,
931 2456 1046 2516 quae
1075 2437 1127 2496 C
1131 2478 1145 2493 .
1182 2438 1397 2518 Caesar:
1436 2380 1592 2497 isidis
1621 2484 1645 2512 ,
1680 2460 1804 2519 quos

454 2518 714 2594 Gadibus
746 2514 890 2595 fecit
910 2561 930 2589 ‚
988 2520 1321 2594 Herennium
1358 2520 1593 2579 Gallum
1630 2564 1652 2591 ,
1701 2517 1809 2594 his·

456 2601 677 2659 trionem
705 2641 724 2671 ,
759 2597 970 2677 summo
1011 2599 1259 2657 ludorum
1292 2601 1378 2657 die
1412 2600 1625 2659 annulo
1655 2621 1812 2660 aureo

455 2681 757 2748 donatum,
801 2679 857 2736 in
893 2693 1016 2736 xlv
1039 2675 1231 2756 sbffitm
1266 2681 1536 2751 deduxit;
1568 2698 1655 2739 tot
1678 2683 1811 2740 enim

442 2756 677 2838 ficerat·
696 2759 912 2817 ordines
950 2760 1194 2838 equestris
1230 2760 1341 2819 loci
1367 2782 1386 2819 .·
1428 2763 1809 2838 quatuotvira-

450 2855 569 2901 ,tum
613 2838 722 2900 sibi
755 2837 1108 2922 prorogavit:
1152 2840 1373 2903 comici-a
1404 2840 1618 2903 biennii
1656 2842 1813 2903 biduo
