2007 3620
490 341 637 397 102
789 321 1539 397 Emsrozanvm

479 442 706 502 'mentio
765 441 910 503 fasta
971 441 1117 524 est·)
1177 440 1275 502 sed
1323 439 1421 500 su&
1460 428 1683 522 'sponte
1750 435 1878 505 effe

479 522 778 592 laudatum
813 545 827 583 :
873 524 1084 584 dende
1110 569 1130 596 ‚
1175 543 1269 583 me
1313 521 1416 582 ista
1459 520 1662 584 vidiffe
1706 524 1873 585 mul·

486 605 562 672 tis
602 605 863 665 accidere
888 648 908 677 ‚
958 623 1022 664 ut
1060 623 1265 665 eorum
1312 604 1484 663 causa
1533 604 1874 686 legationes

486 682 746 758 Romam
805 687 1074 746 venirent
1114 729 1134 758 ‚
1192 682 1318 744 sed*
1343 684 1431 742 his
1473 685 1530 745 le
1571 685 1871 746 ationibus

486 781 615 843 pon·
668 765 987 826 mem3niffe
1041 765 1222 826 ullum
1268 783 1384 825 tem
1433 788 1496 826 us
1563 766 1869 841 audandi,

484 863 590 916 aut
630 846 822 905 locum
866 847 1027 905 dari:
1089 843 1267 905 studia
1311 848 1390 904 mi
1434 845 1688 907 ieorum
1773 847 1868 907 la-

434 969 439 973 -
491 946 659 998 cere,
695 927 853 1007 qubd
884 929 943 986 in
973 942 1033 986 te
1062 927 1213 986 bene
1241 928 1450 986 merito
1481 930 1622 1008 grati
1650 868 1867 1003 essgnq

482 1008 795 1067 ‚consilium
840 1025 1026 1067 toturn
1072 1008 1257 1066 videri
1303 1009 1540 1067 minime
1595 1008 1865 1069 necessa-

485 1088 658 1164 ¹rium.
722 1087 781 1148 Si
827 1108 1018 1149 autem
1070 1088 1289 1148 vellent
1327 1087 1615 1148 declarare
1673 1092 1735 1147 in
1790 1111 1868 1152 eo

484 1168 752 1234 officium
798 1168 958 1228 suum
988 1214 1008 1242 ‚
1065 1169 1422 1230 laudaturum
1477 1190 1571 1230 me
1600 1216 1619 1244 ‚
1664 1173 1713 1230 si
1767 1175 1865 1252 qui

484 1247 867 1329 suasumptu
892 1248 1131 1310 ⁴sunehm
1174 1248 1311 1310 ess'et
1346 1248 1539 1309 officio
1568 1270 1587 1325 3
1626 1252 1867 1313 conces?-

486 1329 678 1394 surum
706 1377 725 1406 ‚
759 1332 805 1391 si
837 1332 1138 1414 legitim03
1173 1352 1293 1390 non
1326 1334 1736 1410 permissurum
1762 1378 1780 1404 ‚
1818 1335 1864 1394 si

488 1410 742 1473 infinito.
792 1410 962 1490 Quid
1015 1414 1170 1484 enim
1209 1411 1566 1492 ¹reprehendi
1609 1411 1806 1492 potest
1843 1461 1863 1490 ,

488 1487 601 1561 nisi
645 1492 804 1575 quod
863 1492 1024 1553 addis
1054 1539 1073 1568 ,
1127 1492 1312 1551 visum
1354 1492 1469 1554 esse
1521 1493 1866 1595 quibusdam

489 1573 745 1640 edistum
802 1593 997 1634 meum
1032 1618 1051 1646 ‚
1112 1576 1273 1654 quasi
1317 1574 1579 1634 consulto
1620 1576 1694 1635 ad
1732 1576 1862 1637 istas

485 1654 815 1737 legationes
860 1655 1259 1735 impediendas
1294 1653 1406 1715 ess'e
1438 1658 1861 1717 accommoda-

489 1738 670 1804 tum?
714 1736 839 1797 Jam
886 1758 1007 1796 non
1047 1755 1162 1797 tam
1206 1737 1349 1794 mihi
1390 1737 1662 1798 videntur
1699 1735 1863 1817 inju-

451 1866 453 1869 .
489 1819 641 1878 siam
682 1818 871 1878 faner'e
906 1820 946 1876 ii
969 1862 987 1890 ,
1022 1819 1122 1895 qui
1152 1817 1273 1878 haec
1312 1816 1597 1898 disputant
1622 1864 1641 1893 ,
1671 1821 1862 1901 ‘quhm

491 1902 544 1965 ,si
586 1898 746 1979 cujus
785 1918 947 1959 aures
982 1898 1057 1958 ad
1095 1898 1243 1958 hanc
1280 1897 1727 1977 disputationem
1760 1922 1863 1983 pa-

494 1998 638 2045 tent.
684 1977 890 2039 Rornae
926 1974 1227 2060 composui
1270 1977 1518 2040 ediklum
1547 2001 1562 2040 t
1597 1982 1734 2042 nihil
1764 1983 1863 2043 ad-

498 2062 665 2135 didi,
713 2063 822 2121 nisi
863 2062 1024 2141 quod
1065 2061 1352 2142 publicani
1394 2083 1489 2123 me
1524 2082 1802 2146 rogarunt
1840 2110 1860 2140 ,

494 2165 675 2226 quum
735 2142 971 2203 Samum
1016 2143 1088 2203 ad
1130 2163 1227 2203 me
1270 2142 1553 2219 veniffent
1594 2191 1612 2216 ‚
1672 2164 1738 2206 ut
1789 2146 1864 2207 de

490 2243 600 2285 tuo
652 2223 839 2285 edfflo
881 2225 1130 2286 totidem
1155 2224 1358 2284 ¹verbis
1397 2224 1770 2286 transferrem
1800 2230 1857 2289 in

491 2326 716 2368 meum.
749 2305 1209 2389 Diligentissime
1244 2304 1511 2385 scriptum
1542 2326 1717 2387 caput
1742 2306 1860 2383 est,

499 2389 663 2470 quod
697 2390 946 2469 pertinet
980 2388 1052 2448 ad
1082 2386 1427 2447 minuendos
1466 2386 1722 2469 sumptus
1770 2393 1859 2449 ci·

493 2473 738 2532 vitatum
783 2491 800 2542 ;
867 2493 984 2551 quo
1046 2472 1105 2528 in
1155 2470 1344 2548 capite
1406 2467 1531 2528 sunt
1592 2472 1860 2547 quaedam

486 2573 653 2612 -nova
690 2598 708 2624 ‚
763 2550 1019 2611 salutaria
1062 2550 1389 2608 civitatibus
1428 2595 1447 2620 ,
1496 2550 1701 2630 quibus
1745 2571 1858 2635 ego

494 2644 853 2713 magnopere
898 2628 1170 2691 deleROr.
1211 2629 1345 2690 Hoc
1382 2632 1525 2690 verb
1552 2676 1570 2702 ‚
1622 2652 1695 2692 ex
1740 2654 1857 2713 quo

490 2701 736 2795 ,suspicio
792 2730 919 2772 nata
964 2711 1041 2771 est
1083 2757 1099 2783 ‚
1154 2732 1248 2772 me
1297 2709 1597 2792 exquisisse
1644 2713 1860 2793 aliquid

484 2797 556 2853 »in
607 2817 724 2876 quo
767 2813 822 2854 te
869 2790 1227 2854 offenderem
1254 2839 1272 2866 ‚
1326 2791 1716 2853 transsatitium
1757 2793 1861 2855 est.

493 2874 704 2957 Neque
771 2878 930 2938 enim
966 2895 1147 2937 eram
1205 2891 1327 2941 tam
1381 2874 1671 2956 desipiens
1713 2918 1732 2950 ‚
1794 2891 1859 2936 ut
