2007 3620
274 294 397 362 AD
428 292 868 369 mmmm.
901 295 1070 367 ΜΒ.
1110 299 1267 371 VII.
1321 307 1477 394 291¹

264 434 572 502 C1cmo
631 437 1083 504 'fanano
1146 441 1207 508 S.
1263 441 1350 508 D.

149 567 368 625 lamna·
413 573 718 638 constantiam
759 575 975 628 Trebatii
1015 608 1033 634 .
1094 577 1175 644 qui
1209 595 1483 646 permanere

207 645 251 696 in
278 647 514 715 provincia
550 650 677 717 apud
717 646 939 718 Casuram
975 651 1297 712 constituerat.
1329 651 1484 704 Joca‘-

208 733 277 770 eur
307 722 351 771 in
385 722 479 789 ejus
507 723 802 790 parcitnonia
824 757 840 781 ,
893 724 1003 792 quia
1029 720 1288 794 firipfirat
1319 727 1368 777 in
1391 735 1489 795 pa·

207 790 437 863 liaenpsesto.
474 795 621 847 Anno
661 794 727 849 U.
772 800 827 850 C.
867 814 1020 865 700·-

291 903 338 974 A

155 969 636 1036 18.s?mccEP1
703 992 736 1034 a
798 990 854 1036 te
928 974 1150 1058 aliquot
1210 975 1479 1059 epistolas

150 1072 248 1115 uno
297 1073 409 1117 tem
455 1076 557 1117 ore
587 1099 607 1130 ‚
665 1076 805 1137 quas
853 1074 914 1116 tu
957 1058 1196 1120 diversis
1232 1074 1477 1140 tempo-

150 1134 278 1196 ribus
324 1137 392 1198 de
435 1159 558 1199 eras
593 1177 610 1211 ,
664 1139 725 1196 in
760 1138 967 1219 quibus
1005 1159 1100 1200 me
1137 1155 1327 1200 cetera
1364 1140 1479 1202 de-

153 1210 389 1279 lefihrunt
425 1238 440 1278 t
501 1216 900 1302 significabant
943 1223 1100 1280 enim
1138 1265 1156 1294 ,
1217 1235 1274 1281 te
1318 1218 1478 1288 istam

154 1296 380 1360 militiam
417 1298 533 1378 jam
576 1298 747 1360 firmo
788 1302 984 1359 animo
1027 1300 1174 1362 ferre
1200 1343 1218 1372 ,
1264 1301 1328 1360 δι
1364 1299 1482 1362 esse

151 1372 332 1439 fortem
368 1384 561 1443 virum
613 1380 678 1440 &
732 1377 1088 1443 constantem
1124 1399 1140 1440 t
1198 1399 1323 1460 quae
1367 1400 1481 1464 ego

155 1459 400 1595 Kaulisper
441 1465 499 1522 in
542 1477 604 1522 te
640 1463 721 1521 ita
756 1461 1081 1523 desideravi
1117 1507 1135 1536 ,
1200 1482 1321 1522 non
1368 1464 1485 1521 im-

187 1541 424 1604 ecillitate
465 1542 645 1604 animi
685 1543 815 1616 tui,
857 1541 956 1605 sed
1005 1545 1185 1626 magis
1222 1558 1286 1603 ut
1324 1543 1493 1604 desi-⁴

155 1615 292 1682 derio
330 1621 495 1685 nostri
545 1640 605 1684 te
647 1620 877 1684 aestuare
924 1643 1208 1704 putarem.
1276 1620 1485 1701 Quare

192 1719 338 1784 erge,
380 1720 442 1764 ut
479 1699 744 1785 coepisti:
785 1702 924 1764 forti
962 1707 1160 1765 animo
1195 1701 1355 1762 istam
1388 1720 1486 1763 to-

175 1799 252 1843 era
293 1786 572 1848 militiam.
620 1783 806 1847 Multa
832 1828 852 1859 ‚
892 1785 1032 1845 mihi
1072 1783 1242 1848 crede
1280 1829 1298 1858 ‚
1339 1781 1486 1845 asse·

156 1876 347 1941 quere:
405 1888 436 1930 e
480 1888 518 1930 o
564 1868 721 1927 enim
764 1868 1062 1928 renovabo
1103 1864 1491 1929 commenda·-

156 1945 386 2023 tionem,
448 1950 525 2011 ed
576 1964 862 2030 tempore.
904 1947 997 2009 sic
1040 1948 1255 2011 habeto
1298 1992 1317 2021 ‚
1366 1962 1487 2009 non

123 2084 125 2089 ⁴
157 2025 245 2087 tibi
280 2029 478 2110 majori
514 2026 634 2091 esse
675 2050 824 2089 curae
850 2075 868 2104 ,
923 2046 987 2091 ut
1018 2027 1118 2091 iste
1154 2048 1285 2093 tuus
1318 2050 1352 2090 a
1388 2049 1486 2091 me

159 2104 384 2173 discessus
443 2110 626 2195 quam
683 2109 1157 2173 frufiiuosissimus
1210 2113 1316 2173 tibi
1364 2113 1435 2170 sit
1468 2155 1491 2186 ‚

166 2188 310 2282 quam
342 2194 497 2255 mihi.
543 2191 738 2273 Itaque
776 2238 794 2267 ,
841 2192 1076 2333 grando
1109 2190 1309 2255 vestrae
1348 2213 1492 2252 cau-

168 2281 326 2333 tiones
365 2274 608 2336 infirmae
648 2274 810 2347 sunt,
913 2274 1182 2333 raeculam
1221 2273 1327 2332 tibi
1361 2274 1492 2331 misi

164 2355 457 2418 cautionem
489 2356 757 2436 ehirogra
798 2353 859 2412 hi
886 2356 1024 2413 mei.
1057 2351 1154 2413 Tu
1183 2370 1280 2413 me
1314 2351 1494 2411 velim

166 2429 229 2493 de
266 2439 473 2499 ratione
512 2435 732 2498 Gallici
807 2424 902 2495 elli
945 2434 1251 2494 certiorem
1281 2429 1493 2492 facias:

163 2530 195 2572 e
229 2536 262 2575 o
302 2523 455 2578 enim
506 2517 882 2601 ignavissimo
932 2517 1137 2598 cuique
1180 2517 1495 2575 maximam

162 2590 198 2652 fi
233 2616 319 2658 em
363 2599 572 2660 habeo.
622 2597 739 2660 Sed
763 2643 782 2671 ‚
820 2611 886 2659 ut
936 2598 1010 2657 ad
1063 2593 1329 2680 epistolas
1365 2613 1494 2656 tuas

165 2677 377 2739 redeam
401 2725 421 2757 ‚
462 2697 655 2741 cetera
690 2678 843 2739 belle
874 2679 1072 2739 :illud
1116 2681 1326 2740 miror:
1369 2677 1497 2756 quis

168 2754 290 2822 solet
333 2761 548 2823 eodem
597 2780 765 2821 exem
811 2760 868 2821 lo
909 2759 1102 2842 plures
1156 2759 1292 2819 dare
1334 2801 1353 2829 ,
1395 2758 1495 2835 qui

168 2834 248 2903 sua
287 2862 461 2911 manu
497 2840 728 2906 scribit?
827 2861 922 2903 am
959 2840 1117 2924 quod
1131 2838 1498 2980 1{snupalimpm

1221 2940 1260 3003 ¹1
