2007 3620
351 285 489 352 AD
523 284 968 356 FAMILIAR.
997 285 1166 355 Lm.
1199 289 1358 359 VII.
1402 307 1554 381 295

166 398 390 461 salubri
418 443 438 473 ‚
475 418 714 460 amoeno
756 400 934 463 loco:
981 400 1159 482 idque
1202 405 1375 463 etiam
1420 404 1554 465 mea

171 478 448 542 interesse
470 524 492 554 ‚
531 481 612 539 mi
652 480 894 545 Trebati
923 529 941 557 ,
985 482 1251 542 arbitror.
1287 481 1403 542 Sed
1441 506 1554 550 va*-

164 562 367 636 lebis,
412 581 659 640 meaque
698 566 932 646 negotia
971 563 1202 626 videbis
1226 608 1246 637 ,
1291 583 1502 642 meque
1527 597 1555 640 ·‚

166 644 287 703 diis
315 640 651 721 juvantibus
678 687 695 714 ‚
725 663 856 707 ante
884 646 1152 704 brumam
1180 641 1554 721 exspefihbis.

162 721 218 784 E
267 746 307 783 0
349 745 384 783 a
444 722 603 782 Sext.
653 722 876 800 Fadio,
934 724 1178 792 Niconis
1217 723 1502 804 discipulo
1530 765 1552 796 ‚

158 805 207 865 li
257 824 393 876 rum
436 801 677 876 abstuli,
730 811 977 875 Nina-r&-
1018 810 1140 880 περί
1181 809 1554 877 πολυφαγίας.

164 883 236 947 O
290 883 591 945 medicum
624 883 855 946 suavem
884 930 904 959 ,
944 904 1153 965 meque
1190 885 1443 947 docilem
1474 882 1547 946 ad

159 964 326 1026 hanc
367 964 725 1044 disciplinam
763 966 779 1025 i
837 964 954 1027 Sed
990 964 1182 1025 Bassus
1222 959 1412 1026 noster
1451 963 1548 1024 me

163 1047 247 1107 de
291 1046 409 1105 hoc
449 1045 597 1105 libro
635 1047 892 1119 celavit3
928 1062 984 1106 te
1033 1046 1269 1126 quidem
1301 1067 1424 1112 non
1449 1048 1549 1111 ,vi-

162 1129 370 1188 detur.
431 1124 660 1186 Ventus
709 1124 1063 1187 increbescit.
1127 1124 1285 1189 Cura
1330 1145 1408 1190 ut·
1430 1147 1551 1198 νυ,

158 1209 315 1290 leas.
366 1224 509 1267 xm·
549 1206 684 1270 Kal.
724 1206 883 1270 Sext.
939 1205 1136 1268 Velia.
1319 1285 1328 1290 ⁸

278 1332 603 1397 Cxcssno
678 1334 1123 1399 Tamum-10
1204 1336 1271 1400 S.
1350 1334 1437 1397 D.

160 1471 334 1524 San
356 1504 375 1526 ,
416 1470 554 1519 amici
578 1466 658 1537 fiai
678 1503 694 1529 ‚
737 1467 923 1537 causam
961 1469 1186 1522 Trebatio
1223 1471 1514 1522 commendat
1523 1479 1550 1531 ,'

242 1559 300 1595 ut
338 1545 404 1593 ad
442 1560 541 1593 eum
580 1544 740 1594 renisu
761 1577 776 1603 ,
830 1544 877 1594 6·
916 1545 1127 1614 adjuret.
1180 1543 1329 1597 Anno
1378 1543 1446 1599 U.
1484 1543 1549 1602 C.

241 1635 367 1684 7⁰9·

165 1785 270 1830 21.
303 1698 562 1828 Suu
611 1764 837 1829 causam
878 1783 938 1828 te
979 1765 1155 1828 docui
1192 1785 1207 1824 ε
1246 1767 1295 1826 is
1340 1765 1542 1851 postea

157 1848 276 1910 fuit
341 1848 497 1929 apud
552 1869 690 1923 me,
729 1868 907 1929 quum
959 1850 1016 1908 ei
1066 1849 1322 1908 dicerem
1360 1894 1380 1923 ‚
1427 1850 1541 1910 ,tibi

158 1929 359 1992 videri
395 1929 766 2010 sponsionem
793 1929 950 1990 illam
982 1950 1090 1990 nos
1122 1931 1245 1988 sine
1276 1931 1541 2009 periculo

158 2010 360 2072 facere
400 2007 600 2092 posse,
641 2012 708 2070 Si
747 2012 1006 2071 bonorum
1047 2011 1304 2092 Turpiliae
1329 2009 1542 2092 poffls-

158 2096 374 2152 sionem
438 2096 514 2173 Q.
572 2093 752 2172 Caepio
811 2095 1023 2152 Praetot·
1083 2114 1153 2150 ex
1212 2094 1378 2152 ediffo
1425 2093 1535 2173 sico

162 2175 301 2234 mihi
339 2173 492 2234 dedit
521 2192 547 2242 ;
603 2192 815 2253 negare
854 2171 1043 2232 aiebat
1084 2171 1349 2232 Servium
1375 2218 1394 2246 ,
1435 2192 1535 2233 ta-

164 2253 332 2315 bulas
367 2249 695 2313 testamenti
729 2249 840 2313 esse
877 2273 975 2313 eas
999 2297 1019 2325 ‚
1045 2271 1185 2332 quas
1219 2252 1538 2316 instituisset

163 2335 249 2408 ἱε,
279 2336 373 2415 qui
400 2332 708 2393 fastionem
734 2332 1063 2393 testamenti
1090 2353 1211 2390 non
1236 2332 1534 2405 habuerit3

157 2416 278 2479 hoc
318 2414 478 2474 idem
518 2412 789 2474 Offilium
836 2412 1067 2472 dicere:
1110 2430 1304 2472 tecum
1343 2410 1399 2472 se
1441 2414 1537 2489 lo·-

155 2514 366 2558 cutum
400 2494 684 2575 negabam
726 2512 935 2574 meque
968 2493 1195 2632 rogavit
1218 2536 1237 2567 ‚
1276 2506 1341 2555 ut
1377 2491 1434 2553 se
1470 2494 1532 2553 &

152 2576 393 2640 causam
426 2574 581 2636 suam
616 2575 719 2636 tibi
760 2595 1034 2637 commen
1077 2593 1253 2639 arem.
1286 2572 1413 2634 Nec
1442 2578 1534 2635 vir

150 2659 415 2730 melior,
464 2658 546 2715 mi
581 2654 756 2717 Testa
784 2703 805 2731 ‚
846 2676 955 2717 nec
995 2655 1139 2715 mihi
1187 2658 1422 2716 amicior
1465 2653 1535 2716 P.

150 2739 300 2802 Silio
361 2736 658 2819 quisquam
714 2734 796 2799 est
823 2782 842 2811 ‚
895 2754 955 2797 te
1009 2753 1205 2797 tamen
1261 2753 1572 2814 excepto.-

96 2884 115 2909 f
150 2820 576 2888 Gratissimum
618 2819 788 2901 igitur
834 2818 976 2880 mihi
1028 2816 1233 2885 feceris
1283 2861 1302 2889 ,
1364 2818 1411 2876 si
1457 2815 1532 2883 ad

1182 2895 1336 2960 Niv
