2007 3620
360 234 498 305 An
516 236 971 317 FAMILIAR.
994 233 1178 310 Lm.
1205 235 1332 313 III.
1413 260 1567 334 109

168 346 514 435 Pompeius
552 353 807 435 appellat
838 353 866 435 )
905 352 1179 432 judicatio
1203 401 1221 427 ‚
1259 356 1323 414 ὃ(
1354 377 1518 416 mora
1539 385 1568 431 4.

169 437 227 493 si
357 455 457 496 ern
501 434 613 494 tibi
641 438 784 494 item
825 456 1007 494 unum
1049 437 1365 496 alterumve
1403 438 1560 498 diem

169 456 489 577 abffilerit
539 514 569 595 ζ
606 515 744 595 quid
780 517 936 574 enim
972 515 1161 596 potest
1196 537 1298 577 *arn
1342 516 1447 575 lius
1477 519 1498 575 ἓ
1532 517 1564 599 )

163 612 281 655 tua
320 616 526 658 tamen
556 596 799 677 dignitas
829 595 993 656 suum
1020 598 1222 657 locum
1254 618 1292 655 o
1335 598 1560 659 tinebit·

167 674 305 737 Sed
337 722 358 751 ,
409 680 454 736 si
502 696 598 736 me
642 677 826 757 diligis
855 720 876 749 ‚
931 681 977 736 si
1020 698 1056 735 a
1086 699 1181 737 me
1217 678 1379 758 diligi
1416 680 1505 738 vis
1542 707 1564 752 3

160 758 255 818 ad
295 758 655 818 rue-litteras
679 801 698 830 ,
756 773 820 815 ut
862 757 1038 837 quarn
1078 761 1330 837 pri-mum
1363 759 1562 819 laetitia

168 837 413 897 afficiar
439 883 458 912 ,
500 840 736 897 mittito,
771 835 844 897 Et
876 839 1057 898 velim
1091 840 1370 920 reliquum
1396 840 1560 919 quod

165 916 263 978 est
306 920 631 999 promissi,
665 939 732 996 ac
774 921 1027 979 muneris
1062 923 1188 993 tui,
1227 921 1366 978 milri
1410 939 1554 999 per-
1591 988 1596 993 ι

166 993 379 1059 solvas
404 1021 421 1058 ι
450 1019 629 1080 quum
661 996 841 1079 ipsam
870 1002 1264 1082 cognitionem
1295 997 1427 1077 iuris
1457 1022 1559 1061 au-

166 1083 334 1161 gurii
369 1079 647 1160 consequi
681 1083 893 1159 cupio,
929 1099 1057 1142 tum
1085 1080 1411 1142 mehercule
1443 1083 1558 1141 tuss

168 1160 604 1233 incredibiliter
658 1156 853 1219 studiis
902 1183 1041 1243 erga
1098 1159 1202 1223 me
1229 1206 1252 1236 ‚
1289 1164 1556 1221 muneri-

166 1240 294 1306 bus
325 1261 403 1302 ue
445 1238 721 1310 deleEior.
758 1239 948 1320 Quod
984 1257 1175 1303 autem
1222 1265 1256 1303 a
1293 1262 1386 1302 me
1437 1244 1556 1303 tale

170 1326 277 1403 qui
326 1323 465 1382 dam
511 1322 802 1382 desideras
833 1367 853 1395 ‚
904 1322 1034 1382 sane
1078 1323 1220 1382 mihi
1272 1322 1557 1383 conside-

171 1404 431 1463 randum
472 1400 554 1463 est
575 1446 596 1476 ‚
644 1422 899 1483 quonam
943 1420 1010 1464 te
1044 1421 1378 1464 remunerer
1428 1424 1550 1483 po-

177 1486 474 1545 tissimum
511 1503 763 1565 genere:
814 1503 949 1543 nam
989 1484 1257 1566 profesti>
1301 1497 1424 1544 non
1455 1482 1552 1548 lest

173 1586 384 1626 meum
406 1611 425 1640 ,
475 1568 573 1647 qui
609 1566 669 1622 in
709 1563 1012 1624 scribendo
1060 1564 1087 1646 (
1136 1584 1199 1626 ut
1245 1563 1393 1625 soles
1438 1565 1550 1624 ad-

176 1649 382 1705 mirari
415 1646 445 1728 )
479 1663 701 1706 tantum
739 1643 1020 1718 industriae
1105 1665 1279 1705 onam
1303 1689 1322 1718 ,
1369 1666 1548 1704 com-

177 1729 454 1802 mittere,
493 1744 557 1787 ut
596 1725 895 1808 negligens
945 1727 1005 1784 in
1073 1723 1348 1785 cribendo
1383 1724 1548 1785 fuisse

174 1809 423 1882 videar3
487 1806 799 1889 praesertim
854 1827 1034 1889 quum
1078 1806 1138 1867 id
1186 1826 1308 1866 non
1361 1805 1550 1867 modo

178 1891 528 1973 negligentis
552 1934 570 1960 ‚
613 1888 713 1949 sed
748 1890 923 1949 etiam
960 1891 1022 1949 in
1064 1891 1169 1949 rati
1206 1889 1379 1947 animi
1423 1889 1543 1946 cri-

184 1991 323 2030 men
355 1971 615 2031 futurum
657 1972 748 2029 sit.
782 1969 1010 2030 Verum
1084 1991 1163 2029 aec
1199 1967 1549 2031 videbimus.

180 2048 333 2111 Illud
369 2098 389 2127 ‚
451 2051 609 2131 quod
656 2050 946 2131 polliceris
982 2095 1003 2124 ‚
1050 2051 1232 2114 velim
1277 2071 1386 2131 pro
1441 2064 1543 2111 tua

178 2130 298 2192 fide
338 2133 744 2213 diligentiaque
778 2176 798 2205 ‚
843 2133 908 2191 &
947 2153 1055 2213 pro
1084 2129 1270 2192 nostra
1301 2152 1421 2191 non
1450 2132 1544 2190 in'-

182 2211 372 2272 stituta
394 2259 412 2286 ‚
446 2212 545 2273 sed
573 2211 691 2290 jam
709 2214 1026 2273 inveterata
1060 2213 1307 2273 amicitia
1338 2230 1498 2272 cures
1521 2256 1550 2286 ,

187 2296 403 2352 enitare
426 2339 443 2367 ,
476 2292 539 2353 ut
570 2292 907 2373 supplicatio
937 2295 1107 2354 nobis
1147 2292 1321 2374 quam
1353 2293 1545 2352 hono·

182 2372 594 2434 rificentissime
616 2418 636 2449 ,
663 2374 837 2454 quam
875 2376 1236 2454 primumque
1267 2374 1544 2443 degerna-

181 2472 294 2515 tur.
346 2453 608 2516 Omnino
648 2454 820 2515 serius
866 2456 999 2514 misi
1041 2454 1254 2513 litteras
1284 2497 1303 2526 ‚
1363 2450 1543 2533 quam

183 2535 445 2609 'vellem3
495 2541 555 2595 in
613 2556 730 2615 quo
790 2556 967 2617 quum
1024 2533 1333 2617 navigandi
1387 2531 1539 2595 diffi-

182 2618 359 2676 cultas
393 2616 502 2677 fuit
535 2615 768 2691 odiosa,
791 2634 914 2677 tum
947 2621 1010 2677 in
1031 2615 1216 2696 ipsum
1242 2612 1541 2674 disceffum

183 2696 402 2758 fimatfis
442 2695 698 2758 incidisse
747 2698 923 2758 credo
961 2700 1177 2759 litteras
1210 2715 1389 2756 meas.
1421 2692 1540 2753 Sed

181 2779 244 2855 id
287 2777 399 2842 feci
453 2776 731 2844 addufikus
777 2777 1112 2844 aufioritate
1166 2777 1232 2842 &
1287 2774 1539 2845 consilio.
