2007 3620
303 304 441 371 AD
469 303 920 373 FAMILIAR.
948 263 1124 374 ΠΒ.
1155 306 1281 375 VI.
1353 325 1497 376 221

120 418 359 481 ditione
383 463 403 491 ‚
435 416 611 498 quam
650 420 844 477 ceteri.
884 418 1020 479 Hoc
1052 418 1197 479 verb
1238 425 1512 498 tempus,'

121 522 247 582 quo
296 500 613 560 exanimati
650 518 854 558 omnes
888 500 952 559 ὃς
984 498 1242 580 suspensi
1282 498 1468 559 sumus
1490 543 1510 573 ,

119 581 241 640 hbe
271 579 667 640 moderatiore
694 580 887 638 animo
922 578 1074 641 ferre
1108 578 1323 653 debes,
1389 579 1513 640 uod

120 661 187 721 &
218 663 287 721 in
330 659 476 720 urbe
504 678 574 718 ea
615 677 679 718 es
703 703 722 733 ‚
756 659 854 718 ubi
897 678 1031 722 nata
1066 661 1130 720 ὃς
1166 661 1278 720 alta
1301 599 1388 720 es}
1426 681 1512 719 ra-

121 744 213 801 tio
250 762 323 799 ac
368 738 697 799 moderatio
735 742 867 799 vitae
893 760 914 814 3
936 740 997 800 δι
1036 740 1215 801 habes
1240 739 1361 803 Ser.
1383 739 1516 800 Sul·
1560 749 1564 756 ⁴

114 823 349 903 picium
377 863 397 894 ‚
430 840 604 900 quem
642 818 867 899 semper
905 822 1072 882 unice
1107 819 1382 893 dilexissi3
1409 824 1510 902 qui

114 918 178 963 te
214 898 497 983 profeRo
535 901 600 959 &
639 900 1090 976 benevolentia,
1129 903 1194 962 &
1229 900 1285 961 sa
1327 903 1507 963 ientia

110 981 464 1043 consolatur
493 1000 508 1038 ε
548 977 709 1058 cujus
739 983 787 1040 si
830 980 1074 1042 effemus
1109 983 1171 1043 &
1202 924 1507 1043 aussorita-

110 1080 253 1124 tem
277 1064 344 1122 ὃ(
371 1061 674 1121 consilium
698 1059 918 1137 secuti,
953 1078 1016 1123 to
1059 1066 1137 1123 ati
1170 1065 1362 1143 potihs
1432 1086 1509 1124 o·
1546 1074 1553 1079 “

108 1145 378 1205 tentiam
408 1187 426 1214 ‚
512 1140 646 1200 uam
686 1146 889 1201 armati
925 1145 987 1204 vi
1044 1147 1228 1203 oriam
1265 1142 1387 1202 subi
1433 1164 1508 1206 ez-

113 1245 281 1285 muS.
326 1221 448 1283 Sed
525 1242 606 1280 aec
644 1222 910 1303 longiora
959 1222 1185 1285 fortasse
1230 1222 1461 1285 fuerunt
1486 1271 1507 1298 ‚
1547 1235 1550 1240 ⁴

111 1304 310 1386 quam
356 1300 578 1363 neceffe
600 1301 709 1361 fuit
732 1322 745 1361 ε
768 1303 865 1376 illa
883 1349 902 1377 ‚
940 1322 1067 1382 quae
1096 1301 1313 1381 majora
1338 1303 1464 1364 sunt
1485 1350 1505 1384 ,

115 1386 375 1445 brevihs
412 1403 723 1463 exponam.
759 1381 884 1466 Ego
926 1384 1114 1445 habeo
1139 1430 1156 1457 ‚
1194 1386 1284 1443 cui
1331 1385 1457 1464 plus
1488 1429 1510 1458 ‚

114 1465 307 1547 quam
350 1465 455 1524 tibi
491 1509 511 1537 ‚
552 1462 797 1523 debeam
834 1510 854 1539 ‚
898 1468 1197 1525 neminem
1236 1485 1249 1523 :
1300 1467 1507 1545 quibus
1547 1459 1550 1470 ’

113 1557 359 1606 tantam
392 1544 678 1605 debebam
700 1589 718 1615 ‚
765 1564 1042 1625 quantum
1087 1567 1147 1607 tu
1183 1547 1452 1628 intelligis
1483 1591 1504 1619 ‚
1547 1559 1552 1574 ²

118 1647 232 1688 eos
256 1625 405 1684 mihi
431 1622 598 1702 hujus
636 1624 774 1684 belli
805 1623 959 1686 casus
988 1627 1214 1706 eripuit.
1241 1624 1368 1703 Qui
1397 1629 1508 1685 sim

122 1723 330 1767 autem
376 1706 489 1765 hoc
522 1723 830 1784 tempore,
871 1708 1133 1786 intelligo
1173 1726 1186 1762 ε
1229 1705 1327 1764 sed
1373 1710 1509 1784 quia

122 1807 311 1849 nemo
354 1784 437 1847 est
468 1801 587 1845 tam
613 1782 845 1845 affliftus
869 1832 889 1860 ‚
931 1789 1064 1866 qui,
1093 1788 1140 1846 si
1175 1786 1315 1844 nihil
1354 1787 1509 1847 aliud

121 1868 357 1929 studeat
382 1913 402 1941 ‚
443 1869 552 1925 nisi
582 1867 640 1926 id
674 1867 832 1947 quod
856 1871 973 1949 agit
994 1914 1015 1942 ,
1056 1889 1174 1927 non
1201 1869 1382 1948 possit
1408 1890 1512 1927 na-

123 1970 269 2011 vare
324 1947 541 2027 aliquid
571 1990 591 2019 ‚
645 1948 709 2006 &
759 1946 988 2008 efficere
1035 1969 1051 2020 ;
1088 1969 1262 2008 omne
1308 1969 1507 2008 meum

124 2026 476 2102 consilium,
515 2047 754 2107 operam
777 2073 795 2102 ,
836 2027 1083 2088 studium
1122 2030 1275 2090 certe
1325 2031 1507 2089 velim

125 2107 421 2172 existimes
449 2110 552 2169 tibi
595 2107 814 2190 tuisque
854 2111 1050 2170 liberis
1089 2109 1200 2171 effe
1227 2111 1509 2172 debitum.
1555 2120 1564 2129 ⁴

219 2260 319 2321 M.
354 2258 431 2324 T.
465 2258 544 2322 C.
583 2259 661 2320 A.
713 2259 1195 2336 TORQuATo
1241 2262 1300 2323 S.
1342 2261 1429 2324 D.

135 2416 539 2467 CoNsozATvR
577 2411 677 2469 ita,
713 2425 764 2458 ut
791 2410 904 2459 bene
935 2410 1081 2460 offam
1119 2427 1217 2458 cum
1258 2409 1316 2459 iis
1334 2426 1507 2476 putet,

205 2487 286 2555 qui
317 2501 430 2535 ante
462 2485 637 2534 exitum
670 2482 825 2532 civilis
847 2483 966 2533 belli
1005 2502 1063 2534 ex
1097 2484 1197 2532 vica
1220 2482 1509 2550 decefferint.

200 2556 435 2626 Maserius
466 2558 585 2606 enim
623 2571 770 2606 morte
805 2554 892 2622 effe
918 2591 933 2616 ,
968 2557 1039 2606 ita
1082 2557 1239 2606 vivere
1265 2591 1279 2615 ,
1322 2573 1372 2606 ue
1401 2558 1510 2625 post

199 2631 484 2684 alterutrius
515 2630 662 2678 utrius
687 2629 840 2696 partis
867 2630 1108 2680 viel-‘loriam
1139 2631 1382 2680 vivendum
1419 2629 1507 2694 effe

198 2707 408 2758 divinat.
446 2703 605 2753 Addit
620 2703 881 2770 graviorem
915 2701 1285 2771 consolationem
1305 2737 1319 2758 ,
1360 2702 1468 2751 νὶνο
1490 2736 1508 2761 ,

198 2781 324 2848 quod
358 2794 538 2827 vacuus
569 2776 632 2824 sit
664 2775 805 2842 culp&¹
826 2810 842 2832 ,
870 2793 1051 2828 mortuo
1075 2812 1093 2834 ,
1130 2776 1256 2845 quod
1279 2774 1509 2826 cariturus

192 2854 252 2906 sit
277 2848 458 2925 sensu.
502 2849 669 2902 Anno·
712 2847 778 2898 U.
816 2852 876 2900 C.
916 2868 1033 2918 7⁰7·
1152 2914 1210 2974 K

1246 2935 1303 2995 ll]
