2007 3620
504 277 656 354 218
805 278 1558 346 Epa-romanu

501 416 694 457 terum
738 393 805 456 &
846 392 1203 474 publicarum
1254 392 1316 452 &
1340 390 1630 467 ‚suarum3
1670 409 1877 456 tamen

505 478 661 538 oculi
696 492 914 559 augent·
925 473 1192 534 dolorem
1216 517 1240 548 5
1272 475 1376 555 qui
1400 494 1469 535 ea
1486 522 1505 550 ‚
1540 497 1665 557 quae
1690 480 1882 537 ceteri

501 560 777 632 audiunt,
809 558 1017 616 intueri
1051 572 1372 638 coguntur,
1401 576 1511 617 nec
1546 557 1812 617 avertere
1841 580 1881 617 a

501 638 736 701 miseriis
777 637 1193 719 cogitationem
1241 638 1453 697 sinunt.
1497 636 1702 716 Quare
1763 641 1882 700 etsi

504 721 812 781 multarum
848 737 1039 777 rerum
1078 716 1366 779 desiderio
1392 735 1450 779 te
1486 720 1618 799 angi
1642 718 1882 781 neceffe

500 800 621 875 est,
656 818 849 861 tamen
890 797 991 858 illo
1039 797 1245 878 dolore
1278 844 1298 872 ‚
1347 818 1465 878 quo
1506 800 1764 859 maxime
1811 817 1881 862 te

479 879 712 942 ‘confici
745 878 954 952 audi0‚
990 880 1154 960 quod
1185 878 1390 939 Romae
1427 901 1549 941 non
1591 881 1667 940 sis
1688 925 1709 954 ,
1747 884 1882 943 ani-

498 983 659 1024 mum
700 973 865 1022 tuum
904 960 1103 1029 libera.
1139 958 1260 1019 Etsi
1291 963 1448 1020 enim
1485 973 1618 1021 eum
1659 981 1881 1043 magna

502 1042 762 1104 molestia
787 1060 920 1102 tuos
946 1059 1158 1123 tuaque
1182 1040 1473 1102 desideras
1496 1087 1516 1116 ‚
1554 1058 1754 1100 tamen
1773 1043 1879 1105 illa

501 1124 738 1205 quidem
766 1167 785 1196 ‚
823 1137 950 1203 quae
986 1124 1226 1202 requiris
1261 1166 1281 1196 ,
1321 1119 1484 1181 suum
1519 1120 1725 1183 statum
1770 1141 1875 1184 tea-

499 1223 681 1278 nem,
719 1223 828 1265 nec
875 1204 1081 1263 melitis
1109 1248 1129 1277 ‚
1182 1204 1232 1263 si
1276 1218 1342 1263 tu
1389 1201 1604 1264 adeffes
1628 1248 1645 1276 ‚
1690 1221 1879 1265 tene-

502 1304 633 1348 rent
661 1331 681 1361 ,
713 1305 824 1346 nec
852 1283 979 1345 sunt
1021 1284 1148 1346 ulio
1190 1284 1252 1342 in
1297 1286 1541 1365 proprio
1581 1284 1880 1364 periculo.

502 1367 631 1429 Nec
672 1367 850 1427 debes
888 1383 950 1425 tu
974 1411 994 1440 ‚
1035 1386 1215 1447 quum
1242 1363 1315 1426 de
1351 1368 1461 1425 tuis
1495 1369 1751 1448 cogitas,
1773 1384 1877 1428 aut

502 1451 853 1532 praecipuam
893 1447 1146 1526 aliquam
1191 1444 1488 1506 fortunam·
1525 1442 1817 1526 postulare
1849 1493 1874 1524 ,

501 1547 599 1591 aut
650 1546 1032 1588 communem
1074 1525 1353 1587 recusare.
1397 1525 1496 1587 De
1555 1545 1614 1588 te
1669 1546 1875 1590 autem

500 1609 625 1692 ipso
645 1656 666 1685 ‚
708 1607 1007 1688 Torquate
1030 1652 1050 1683 ‚
1084 1602 1165 1668 est
1187 1625 1349 1667 tuum
1385 1610 1467 1668 sic
1505 1611 1721 1690 agitare
1744 1612 1875 1672 ani·-

503 1712 607 1753 mo
628 1737 647 1766 ‚
684 1707 749 1751 ut
782 1711 904 1754 non
942 1688 1211 1749 adhibeas
1253 1691 1312 1748 in
1350 1689 1653 1749 consilium
1692 1695 1875 1774 cogi-

499 1776 785 1836 tationum
832 1788 1059 1833 tuarum
1107 1768 1567 1851 desperationem
1588 1816 1610 1845 ‚
1646 1789 1747 1833 aut
1785 1775 1874 1835 'ti-

504 1874 754 1915 morem.
807 1851 936 1912 Nec
976 1853 1136 1912 enim
1168 1853 1217 1911 is
1252 1897 1271 1925 ‚
1313 1855 1414 1932 qui
1462 1855 1522 1912 in
1571 1870 1633 1913 te
1678 1853 1873 1917 adhuc

503 1933 791 2012 in'justior,
834 1932 1012 2015 quam
1050 1950 1152 1993 tua
1189 1931 1436 2015 dignitas
1486 1932 1816 2014 postulabat
1850 1982 1873 2012 ‚

500 2015 611 2076 fuit
630 2061 650 2088 ‚
688 2030 811 2075 non
851 2034 948 2074 ma
990 2035 1066 2074 na
1102 2015 1265 2095 signa
1303 2014 1467 2075 dedit
1503 2017 1686 2075 animi
1732 2036 1872 2158 eliga

501 2111 564 2157 te
607 2095 873 2177 mitigati.
963 2115 1031 2154 ec
1061 2110 1259 2155 tamen
1299 2097 1346 2155 is
1369 2096 1535 2176 ipse,
1562 2110 1598 2154 a
1634 2111 1758 2178 quo
1805 2121 1872 2159 a·

504 2177 591 2237 lus
626 2179 839 2258 petitur
857 2219 877 2250 ,
903 2175 1080 2234 habet
1100 2176 1446 2256 explicatam
1478 2195 1575 2237 aut
1593 2179 1871 2258 explora-

502 2274 624 2319 tam
650 2258 935 2318 rationem
968 2254 1159 2317 salutis
1200 2256 1329 2318 suae.
1365 2257 1694 2340 Quumque
1728 2280 1869 2319 om·-

493 2341 663 2400 ,nium
698 2338 984 2399 beliorum
1014 2340 1202 2398 exitus
1241 2340 1452 2400 incerti
1483 2341 1635 2411 sint,
1671 2340 1749 2400 ab
1772 2342 1867 2401 ala

496 2436 629 2482 tera
674 2418 912 2480 vistoria
948 2417 1058 2479 tibi
1101 2421 1422 2500 periculum
1469 2420 1700 2480 nullum·
1752 2420 1867 2484 effe

502 2500 788 2582 perspicio
817 2547 837 2575 ‚
875 2500 1037 2582 quod
1064 2501 1299 2579 quidem
1336 2498 1651 2580 sejunstnm
1685 2504 1761 2562 sit
1793 2503 1867 2564 ab

501 2583 767 2642 omnium·
803 2584 1033 2642 interitu
1055 2599 1076 2652 ;
1100 2580 1173 2639 ab
1196 2582 1374 2643 altera
1395 2600 1453 2641 te
1484 2581 1673 2661 ipsum
1693 2604 1867 2644 num·
1963 2580 1964 2591 ’

492 2681 675 2744 φιαιῐι
720 2661 963 2722 timuiffe
996 2663 1160 2723 certo
1193 2660 1330 2723 scio.
1380 2658 1705 2743 Reliquum
1740 2664 1864 2740 est,
1961 2676 1962 2687 ¹

501 2762 567 2804 ut
602 2758 661 2804 te
696 2740 758 2802 id
789 2742 1018 2823 ipsum',
1056 2742 1214 2824 quod
1249 2760 1286 2804 e·
1325 2758 1363 2804 o
1397 2747 1566 2824 quasi
1597 2744 1865 2807 consola-

497 2826 672 2888 tionis
692 2823 829 2894 loco
850 2843 1013 2907 pono
1032 2870 1054 2903 ‚
1078 2827 1296 2886 maxim
1348 2827 1646 2888 excruciet
1665 2873 1692 2904 ,
1711 2847 1867 2902 conf
