2007 3620
480 315 634 388 292
775 292 1532 361 EPIsToLARUM

483 407 628 471 sesto
654 453 674 484 ‚
722 407 896 469 laudo
932 405 1211 488 equidem
1248 400 1674 483 parcimoniam
1706 416 1725 458 ε
1769 396 1878 458 sed

488 493 668 554 miror
691 536 710 564 ,
747 489 886 571 quid
921 490 981 547 in
1025 486 1120 547 illa
1155 482 1412 543 chartula
1443 481 1617 542 fuerit
1639 525 1657 553 ‚
1707 480 1880 560 quod

492 573 688 633 delere
733 570 998 631 malueris
1023 609 1043 640 ‚
1094 565 1266 647 quam
1308 564 1431 621 haec
1486 560 1885 633 exscribere,

491 655 604 715 nisi
639 651 791 712 forte
833 669 957 711 tuas
992 646 1287 707 formulas.
1338 642 1481 703 Non
1518 644 1686 703 enim
1731 657 1883 721 puto

492 753 554 796 te
581 753 739 793 meas
771 729 1039 812 epistolas
1072 727 1267 789 delere
1290 770 1310 799 ‚
1346 742 1411 784 ut
1439 743 1704 804 reponas
1731 740 1884 781 tuas.

495 814 597 876 An
633 814 744 873 hoc
779 810 1063 894 significas
1086 854 1104 883 ‚
1141 805 1282 866 nihil
1295 796 1483 865 sfieri?
1516 804 1747 886 frigere
1783 803 1882 862 te?

496 915 571 955 ne
606 893 860 954 chartam
889 890 1140 974 quidem
1162 888 1268 948 tibi
1297 884 1666 965 suppeditare
1695 884 1721 943 ἓ
1754 882 1790 943 J
1794 903 1884 943 am

496 974 599 1035 ista
627 992 727 1035 tua
750 974 920 1054 culpa
943 969 1069 1110 ειῗ,
1104 970 1202 1050 qui
1224 966 1636 1030 verecundiam
1678 982 1886 1025 tecum

497 1055 771 1117 extuleris
803 1099 822 1128 ,
861 1054 927 1114 ὅτ.
1011 1071 1091 1112 on
1130 1050 1223 1109 hic
1264 1046 1563 1107 nobiscum
1604 1046 1888 1127 relique-

440 1189 443 1190 ⁷
488 1139 595 1204 ris.
638 1135 767 1218 Ego
805 1154 864 1196 te
905 1115 1089 1199 Bailbo
1129 1176 1148 1205 ,
1190 1149 1370 1211 quum
1408 1128 1481 1187 ad
1518 1149 1630 1188 vos
1686 1124 1884 1207 profi-

496 1216 738 1278 ,ciscetur
776 1258 796 1288 ‚
855 1234 1022 1274 more
1086 1212 1358 1284 Romano
1416 1209 1887 1270 commendabo.

507 1297 606 1359 Tu
640 1342 659 1373 ‚
712 1298 757 1357 si
794 1293 1161 1356 intervallum
1202 1291 1429 1372 longius
1462 1290 1573 1350 erit
1611 1309 1885 1352 mearum

502 1380 823 1440 litterarum
846 1422 865 1451 ,
903 1396 976 1436 ne
1019 1376 1093 1435 sis
1124 1372 1466 1431 admiratus:
1510 1389 1681 1430 eram
1728 1372 1885 1430 enim

505 1460 802 1520 abfuturus
829 1455 1025 1516 mense
1054 1453 1261 1534 Aprili.
1290 1452 1413 1511 Has
1439 1450 1661 1511 litteras
1688 1450 1884 1529 scripsi

508 1544 571 1600 in
619 1538 933 1617 Pomptino
973 1581 992 1610 ,
1057 1554 1237 1615 quum
1273 1533 1349 1592 ad
1384 1531 1587 1592 villam
1634 1531 1887 1595 Metrilii

509 1619 863 1681 Philemonis
907 1612 1315 1687 devenissem-3
1360 1632 1434 1673 ex
1469 1632 1583 1693 qua
1619 1610 1750 1692 jam
1786 1634 1884 1672 aur

495 1702 732 1771 ‚dieram
753 1699 1047 1761 fremitum
1069 1698 1372 1756 clientium·
1392 1713 1662 1753 meorum
1684 1740 1705 1767 ‚
1739 1713 1882 1775 quos

512 1782 752 1866 quidem
786 1798 847 1842 tu
891 1780 1033 1840 mihi
1073 1772 1602 1843 conciliasti.,-Nam
1639 1774 1884 1835 Ulubris

493 1865 754 1934 ‚honoris
789 1865 906 1922 mei
949 1859 1121 1921 causa
1152 1860 1275 1920 vim
1319 1857 1648 1917 maximam·
1677 1875 1883 1918 ranun-

504 1945 782 2006 culorum
821 1941 878 2003 se
918 1937 1234 2004 commosse
1270 1936 1585 1998 constabat.
1624 1934 1794 1998 Cura
1826 1951 1883 1995 ut

513 2025 730 2088 valeas.
767 2041 861 2084 w.
895 2021 1032 2083 Idus
1069 2020 1257 2102 April.
1296 2019 1369 2079 de
1418 2016 1769 2099 Pomptino.

600 2101 918 2186 Epistolam
965 2119 1126 2163 tuam
1152 2131 1176 2176 ,·
1205 2120 1409 2183 quam
1452 2102 1658 2180 accepi
1709 2099 1784 2160 ab
1817 2096 1881 2157 L.

507 2186 797 2260 ’'Arruntio
845 2229 867 2259 ‚
934 2183 1190 2244 conscidi
1253 2185 1635 2243 innocentem
1676 2201 1693 2239 ε
1753 2177 1881 2240 nihil

519 2271 678 2330 enim
706 2265 957 2326 habebat
978 2310 998 2337 ‚
1038 2263 1199 2345 quod
1226 2284 1346 2323 non
1375 2262 1475 2323 vel
1504 2263 1564 2320 in
1601 2265 1879 2321 concione

519 2348 672 2410 recle
717 2347 770 2408 le
812 2349 833 2407 i
873 2345 1098 2427 posset„
1124 2343 1239 2405 Sed
1272 2343 1338 2403 δι
1370 2340 1684 2407 Arruntius
1725 2345 1882 2409 itate

520 2430 735 2492 manda
779 2449 812 2489 e
845 2429 1085 2499 aiebat,
1129 2425 1193 2485 &
1221 2441 1284 2485 tu
1324 2422 1720 2504 adscripseras.
1759 2421 1882 2481 Ve-

523 2513 653 2571 rum
698 2507 1033 2569 illud.esto.
1095 2504 1253 2566 Nihil
1300 2521 1360 2565 te
1411 2505 1486 2564 ad
1533 2525 1635 2564 me
1691 2499 1881 2585 postea

506 2588 795 2735 :scLipsisse
839 2589 1095 2653 demiror
1119 2631 1140 2664 ,
1180 2583 1488 2670 praesertim
1546 2602 1670 2646 tam
1721 2584 1877 2646 novis

518 2692 582 2735 re
624 2692 711 2736 us·
