2007 3620
284 303 927 373 Aff-FAanAR.
978 303 1153 371 Lm.
1199 302 1334 374 III.
1392 322 1499 400 97

106 438 313 481 tarem
349 438 372 491 3
428 418 495 478 &
551 416 721 477 simul
758 416 1050 496 >peracute
1112 421 1429 499 querebare
1476 465 1498 497 ,

107 500 281 581 quod
325 519 434 559 eos
468 500 682 560 tributa
715 503 945 579 ex'igere
983 514 1243 559 vetarem
1265 545 1283 574 ,
1318 503 1502 581 prius·-
1559 559 1562 560 γ

108 601 295 661 quam
335 600 457 661 ego
495 600 559 640 re
601 580 832 669 cognita
867 577 1278 658 permisiss'em:
1314 602 1498 663 genus

108 665 293 724 enirn»
326 660 632 742 quoddam
667 657 825 721 tuiss'e
856 662 945 721 ,im
1029 660 1226 723 diendi
1245 705 1268 736 ‚
1314 684 1497 745 quum

104 763 142 804 e
187 764 227 802 o
277 740 642 824 cognoscere
684 763 804 802 non
842 763 922 819 po
1008 762 1065 801 m
1090 787 1109 814 ‚
1160 745 1273 804 nisi
1313 766 1498 824 quum

106 765 186 884 ag
223 824 497 887 hiemem
535 843 629 884 me
662 842 737 883 ex
772 820 976 884 Cilicia
1009 822 1362 903 recepiffem.
1395 825 1497 888 Ad

107 906 321 970 ¹omnia
384 906 582 982 accipe
625 947 648 977 ‚
711 902 774 962 &
822 902 1110 984 cognosce
1160 908 1493 987 aequitatem

107 983 601 1066 expostulationis
642 1000 805 1046 tuae.,
840 981 1093 1044 Primhm
1117 1029 1136 1058 ‚
1182 1006 1361 1065 quum
1412 988 1492 1050 ad

110 1086 210 1128 me
257 1067 490 1129 aditum
530 1061 669 1127 effet
700 1064 779 1124 ab
821 1066 888 1125 iis
930 1109 949 1137 ‚
990 1068 1113 1146 ¹qui
1156 1066 1414 1128 dicerent
1454 1092 1489 1130 a

112 1146 169 1208 se
211 1145 615 1208 intolerabilia
644 1145 854 1208 tributa
885 1146 1076 1225 exigi;
1119 1147 1258 1226 quid
1291 1148 1490 1211 hahuit

115 1228 440 1309 iniquitatis
459 1271 480 1301 ,
504 1246 597 1287 me
628 1224 871 1290 scribere
887 1271 906 1300 ‚
935 1246 1010 1288 ne
1036 1225 1292 1289 facerent
1317 1232 1448 1292 ante
1467 1275 1489 1305 ‚

115 1308 295 1388 quim
338 1328 472 1390 „ego
523 1327 649 1367 rem
700 1306 1039 1388 causamque
1094 1307 1489 1389 cognossem?

117 1386 261 1449 Non
302 1406 576 1469 poteram
607 1433 625 1461 ‚
661 1388 839 1448 credo
863 1433 882 1460 ,
915 1405 1046 1453 ante
1080 1387 1367 1450 hiemem:
1406 1394 1491 1452 sic

120 1472 280 1537 enim
322 1468 545 1533 scribis„
594 1467 787 1547 Quasi
830 1470 975 1530 verb
1017 1468 1090 1527 ad
1124 1470 1488 1553 cognoscen-

121 1551 261 1616 dum
296 1571 418 1645 ego
462 1550 535 1613 ad
574 1550 702 1614 illos
726 1594 745 1623 ‚
776 1571 895 1608 non
928 1550 1009 1610 illi
1041 1549 1114 1610 ad
1152 1572 1245 1612 me
1283 1555 1492 1614 venire*

120 1630 452 1694 debuerint.
514 1628 679 1694 Tam
722 1631 942 1710 longe?
991 1632 1202 1712 inquis.
1252 1631 1421 1710 Quid
1460 1634 1483 1693 ἓ

124 1731 306 1791 quum
348 1712 518 1774 dabas
548 1714 613 1772 iis
648 1713 864 1776 litteras
884 1754 906 1782 ,
945 1730 1050 1789 per
1080 1732 1221 1791 quas
1254 1733 1488 1775 mecum

126 1792 335 1873 agebas
374 1839 394 1867 ‚
449 1814 522 1857 ne
566 1815 669 1859 eos
713 1791 1060 1872 impedirem
1085 1837 1104 1866 ,
1135 1793 1254 1872 qub
1295 1795 1487 1856 minin

98 1876 254 1936 'aute
311 1875 574 1936 hiemem
633 1872 1030 1941 aedificarent.
1084 1894 1206 1934 non
1254 1894 1358 1936 eos
1412 1878 1489 1939 ad

68 1998 71 2001 v
133 1973 224 2014 me
254 1974 533 2017 venturos
564 1953 946 2020 arbitrabare2?
975 1953 1243 2016 Tametsi
1273 1956 1340 2053 id
1358 1960 1487 2037 qui-

129 2033 259 2096 dem
290 2036 557 2099 fecerunt
589 2036 856 2098 ridicule:
890 2057 1034 2116 quas
1075 2038 1233 2096 enim
1262 2038 1483 2101 litteras

124 2115 439 2179 afferebant
459 2160 491 2191 ,.
511 2135 575 2177 ut
606 2139 753 2198 opus
783 2114 968 2177 aestate
998 2116 1185 2178 facere
1215 2116 1441 2198 poffent
1460 2166 1482 2194 ‚

125 2217 220 2256 eas
265 2199 411 2263 mihi
456 2196 585 2278 post
617 2198 882 2260 brumam
923 2198 1317 2261 reddiderunt.
1360 2199 1478 2263 Sed

125 2276 270 2341 scito
315 2280 380 2341 &
416 2279 604 2343 multo
653 2279 844 2360 plures
886 2276 997 2338 esse
1037 2308 1076 2353 ,ν
1117 2282 1213 2358 qui
1250 2279 1322 2339 de
1369 2284 1480 2340 tri-

122 2356 277 2420 butis
332 2359 589 2422 recusent
614 2408 635 2436 ,
694 2360 871 2441 quem
907 2362 1007 2438 qui
1053 2362 1206 2438 exigi
1244 2361 1428 2420 velint
1463 2381 1483 2433 ;

124 2439 191 2499 ὃ(
235 2461 336 2503 me
372 2460 567 2501 tamen
593 2486 612 2517 ‚
648 2440 808 2520 quod
836 2458 896 2501 te
929 2439 1080 2501 velle
1111 2436 1431 2502 existimem
1456 2486 1477 2515 ,

122 2519 234 2584 ess'e
269 2521 573 2585 faffiirum.
621 2521 721 2583 De
761 2520 1046 2601 Appianis
1085 2519 1372 2585 hacienus.
1420 2522 1480 2584 A

121 2599 392 2667 Pausania
418 2648 447 2676 ,,
482 2602 711 2666 Lentuli
746 2603 990 2673 liberto,
1022 2601 1261 2665 accenso
1302 2625 1439 2663 meo
1460 2648 1482 2676 ‚

121 2684 315 2743 audivi
349 2703 535 2765 quum
556 2683 783 2743 diceret
805 2728 824 2755 ‚
856 2700 914 2742 te
938 2681 1128 2744 secum
1160 2682 1271 2744 esse
1349 2683 1477 2743 ues-

124 2779 239 2825 tum
273 2810 294 2839 ,
353 2765 523 2844 quod
563 2764 669 2827 tibi
713 2765 949 2825 obviam
993 2787 1114 2826 non
1148 2706 1482 2846 prodiisem.

125 2840 350 2911 Scilicet
404 2847 742 2926 contempsi
789 2863 846 2912 te
879 2889 899 2920 ,
952 2865 1062 2910 nec
1110 2843 1301 2929 po'test
1356 2842 1485 2912 fieri

200 2930 407 2990 Tomus
442 2920 565 2988 XI.
1234 2923 1287 2990 E
