2007 3620
429 308 566 379 An
598 310 1046 381 Faunum
1080 306 1260 382 Lm.
1286 311 1383 381 X.
1442 311 1606 404 46¹⁴

236 424 433 487 'habuit
456 469 475 499 ‚
512 427 634 485 hoc.
651 427 720 507 est
735 469 758 497 ‚
805 426 1138 485 renuntiavit
1171 449 1306 506 quos
1348 431 1398 488 ei
1432 430 1608 502 visum

237 510 314 588 est
332 530 350 566 .·
382 506 595 585 exsules
627 508 847 565 reduxit
866 549 886 578 ,
921 527 1029 564 non
1057 508 1243 565 horum
1270 527 1561 590 temporum
1583 553 1606 583 ,

223 588 337 668 fid
385 588 604 648 illorum
640 629 664 657 ,
721 587 916 665 quibus
950 608 1012 644 ·a
1058 587 1343 667 seditiosis
1376 590 1608 668 senatus

238 669 550 728 trucidatus
587 711 610 739 ‚
666 685 765 725 aut
814 665 1073 747 expulsus
1113 671 1183 749 est
1211 712 1233 740 ‚
1279 673 1415 729 Sex.
1457 676 1608 737 Varo

228 746 577 830 proconsule.
621 746 740 805 Illa
775 749 902 807 vero
924 744 1050 826 jam
1094 772 1160 808 ne
1212 749 1437 828 Caesaris
1468 753 1606 829 qui·-

238 831 361 888 dem
408 829 650 908 exemplo
685 849 711 899 ;
766 828 914 907 quod
959 829 1110 887 ludis
1158 829 1488 891 Praetextam
1531 834 1611 890 »de

225 908 337 988 fito
396 910 583 968 itinere
631 910 710 966 ad
767 913 840 967 L.
890 910 1181 969 Lentulum
1237 913 1610 991 proconsulem

232 989 652 1068 sollicitandum
703 986 908 1068 pofitit.
975 991 1060 1046 Et
1110 991 1319 1068 quidem
1363 1036 1384 1066 ,
1443 1014 1608 1071 quum

244 1087 489 1150 ageretur
529 1113 551 1140 ‚
598 1070 762 1149 flevit
793 1112 813 1141 ,
857 1070 1118 1128 memoria·
1150 1091 1317 1129 rerum
1350 1075 1612 1152 gestarum

243 1169 557 1209 commotus.
638 1150 1062 1210 Gladiatoribus
1118 1167 1300 1209 autem
1367 1155 1611 1212 Fadium

230 1233 528 1310 quemdam
554 1275 576 1302 ,
625 1230 845 1288 militem
896 1231 1290 1309 Pompeianum
1333 1276 1352 1304 ‚
1412 1236 1559 1312 quiq
1583 1276 1609 1306 ‚

242 1332 413 1390 quum
455 1308 723 1392 depreffits
760 1312 821 1368 in
862 1311 1050 1368 ludum
1096 1312 1180 1369 bis
1217 1313 1395 1394 gratis
1435 1317 1613 1391 depu-

238 1389 492 1473 gnaffit,
536 1393 804 1450 aufforari
834 1390 951 1469 fist
996 1392 1215 1450 nolebat
1250 1436 1268 1464 ‚
1321 1393 1487 1452 &ad
1506 1414 1616 1473 po-

236 1472 438 1554 pulum
473 1471 785 1554 confugerat
816 1492 841 1540 ;
887 1472 1124 1551 primum
1160 1474 1368 1533 Gallos
1410 1472 1615 1554 equites

243 1554 471 1612 immisit
520 1554 577 1612 in
616 1553 879 1632 populum
931 1550 959 1632 (
995 1550 1217 1625 conjeffi
1260 1553 1401 1613 enim
1447 1556 1609 1635 lapi·
1648 1581 1654 1587 ·

245 1634 347 1693 a'es
387 1632 518 1712 fient
567 1634 625 1691 in
676 1654 792 1690 eum
827 1676 849 1702 ‚
907 1654 1070 1710 quum
1115 1635 1448 1712 abriperetur
1490 1639 1615 1694 Fa-

247 1714 382 1773 dius
420 1710 446 1793 )
490 1714 681 1772 deinde
720 1713 1027 1792 abstrat‘lum
1080 1712 1288 1792 defodit
1336 1716 1394 1773 in
1433 1715 1564 1775 ludo
1595 1759 1621 1789 ‚

185 1849 201 1866 ,κ
251 1793 311 1855 6·
357 1796 541 1855 vivum
585 1793 875 1854 combussit
901 1815 926 1865 ;
976 1815 1138 1873 quum
1189 1796 1398 1875 quidem
1433 1817 1619 1875 ¹pran-

235 1874 343 1955 fics
366 1920 386 1947 ‚
429 1873 595 1934 nudis.
627 1875 861 1954 pedibus
881 1918 902 1944 ‚
945 1873 1136 1934 tunicii
1162 1875 1353 1955 soluta*
1375 1919 1395 1947 ‚
1431 1879 1620 1936 mani-

249 1956 356 2014 bus
402 1958 480 2014 ad
526 1975 724 2036 tergum
775 1952 978 2032 rejeffis
1020 2001 1038 2025 ‚
1092 1957 1460 2016 inambularet
1482 1997 1510 2030 ‚-
1535 1959 1617 2017 f.-

249 2037 346 2095 illi
387 2035 574 2115 misero
609 2037 893 2114 quiritanti
914 2080 933 2107 ‚
968 2033 1132 2098 Civis
1174 2036 1480 2096 Romanus
1505 2055 1622 2098 na-

251 2133 346 2175 tus
385 2115 506 2175 sum
533 2160 553 2189 ,
594 2116 969 2195 responderet:
1016 2116 1134 2176 Abi
1168 2139 1320 2177 nunc
1349 2163 1367 2192 ,
1414 2119 1624 2198 populi

250 2195 433 2257 fidem
485 2197 754 2277 implora.
801 2200 994 2278 Bestiis
1039 2199 1165 2256 vero
1206 2201 1355 2258 cives
1397 2203 1623 2260 Roma-

257 2298 359 2337 nos
396 2322 418 2349 ,
478 2280 641 2337 etiam
684 2279 744 2336 in
796 2278 881 2335 his
923 2277 1293 2337 circulatorem
1337 2281 1621 2356 quemdam

255 2361 561 2418 aublionum
594 2400 616 2427 ‚
671 2359 1012 2416 notissimum
1050 2357 1313 2416 hominem
1352 2359 1580 2446 Hispali
1598 2406 1625 2434 ,

256 2440 391 2517 quia
427 2436 682 2514 deformis
721 2455 837 2496 erat
866 2481 886 2505 ,
933 2433 1150 2514 objecit.
1196 2439 1331 2497 Cum
1363 2439 1623 2517 [ιαμβε-

132 2545 143 2546 ’
256 2520 417 2578 modi.
442 2535 691 2597 portento
745 2539 828 2575 res
879 2518 1013 2576 milti
1045 2517 1187 2595 fuit.
1235 2521 1470 2580 Sed-de
1517 2523 1622 2581 iilo

248 2600 421 2680 plura
468 2600 665 2658 cora'm.
718 2601 890 2658 Nunc
916 2641 936 2670 ‚
983 2602 1132 2675 quod
1161 2599 1378 2680 prastat-
1405 2643 1425 2670 ,
1488 2604 1631 2678 qnid

249 2701 340 2739 me
378 2679 563 2738 velitis
581 2676 770 2756 facere
793 2723 813 2752 ,
853 2681 1170 2758 constituite.
1201 2684 1345 2738 *Tres
1365 2680 1626 2759 legiones

196 2815 205 2828 ‚
244 2761 449 2840 firmas
507 2758 676 2820 habeo
713 2804 734 2833 ‚
802 2780 1028 2838 quarum
1085 2780 1249 2820 unam
1308 2760 1622 2822 vicesimam

226 2844 505 2920 'odavam
547 2861 707 2921 quum
746 2844 824 2901 ad
854 2839 923 2921 se
956 2842 1115 2903 initio
1155 2840 1302 2977 belgi(
1327 2840 1627 2931 arcesstffit

1338 2941 1398 3000 ¹¹1
