2007 3620
216 299 363 365 AD
393 298 840 370 Faunum
872 299 1049 368 Lm.
1081 295 1216 373 IX.
1278 304 1423 398 383

41 414 157 497 [τιέι
214 411 339 473 fide
379 430 612 474 mecum
642 412 844 474 vivant
881 415 964 489 ii,
999 420 1096 497 qui
1140 438 1236 477 me
1274 422 1425 480 assi-

41 497 158 557 lue
221 494 427 554 colunt
474 492 540 553 δί
583 490 887 556 ,observant
919 540 942 570 ‚
1001 496 1264 577 praestare
1309 519 1430 559 non

41 574 310 640 >ossum
353 571 438 634 Ita
484 571 594 646 fit,
642 591 710 634 ut
753 575 819 638 δί
855 578 1229 639 consiliorum
1260 579 1432 660 supe-

41 662 280 734 iorum
334 652 684 716 conscientia
706 698 726 728 ‚
766 656 830 715 &
867 647 1155 737 praeffintis
1193 676 1462 740 tempo-v

41 742 105 799 is
156 734 592 798 moderatione
641 755 736 796 me
784 738 1054 801 consoler
1095 784 1114 813 ,
1168 740 1232 800 &
1274 741 1462 802 illam=
1503 763 1504 766 ’

41 820 224 879 Accii
288 816 726 876 similitudinem
779 838 899 878 non
954 820 1139 880 modo
1191 818 1310 899 jam
1357 821 1432 882 ad

41 900 350 961 invidiam
374 942 393 970 ,
441 896 559 960 sed⁴
581 896 654 955 ad
698 896 988 960 fortunam
1024 901 1363 962 transferam
1403 923 1426 976 ;

41 999 230 1060 quam
282 975 548 1038 existimo
589 978 783 1037 levem
824 978 888 1038 &
922 980 1270 1041 imbecillam
1296 1027 1315 1056 ‚
1352 984 1425 1041 ab

41 1065 262 1122 animo
309 1056 489 1130 firmo·
523 1058 588 1117 &
620 1059 784 1139 gravi
805 1102 827 1129 ,
864 1075 1159 1141 tamquam
1198 1061 1431 1123 flufium

41 1164 73 1199 a
115 1140 273 1201 saxo
301 1183 324 1213 ,
371 1138 556 1221 frangi
589 1155 884 1219 oportere.
935 1139 1206 1216 Etenim,
1255 1163 1435 1224 quum

41 1221 236 1300 plena
265 1222 384 1280 sint
411 1236 792 1280 monumenta
821 1217 1162 1280 Graecorum
1180 1267 1199 1296 ‚
1231 1244 1435 1303 quem-

41 1300 390 1362 admodum
425 1297 824 1379 sapientissimi
853 1302 964 1359 viri
998 1322 1177 1383 regna
1202 1303 1435 1363 tulerint

42 1382 151 1443 vel
219 1380 469 1443 Athenis
495 1424 514 1453 ,
551 1380 650 1441 vel
690 1378 1029 1460 Syracusi3‚
1111 1401 1283 1457 uum,
1323 1382 1435 1443 ser·-

47 1462 362 1524 vientibus
438 1459 547 1519 suis
602 1460 927 1522 civitatibus
972 1505 993 1535 ‚
1052 1402 1265 1524 (iierint
1323 1465 1436 1544 ipsi

45 1541 515 1624 quodammodo
551 1540 750 1613 liberi3
792 1560 903 1624 ego
943 1561 1041 1604 me
1072 1565 1194 1603 non
1231 1560 1434 1624 putem

50 1625 225 1685 tueri
264 1642 463 1684 meum
501 1619 704 1681 statum
749 1622 828 1681 sic
917 1620 1034 1683 osse
1078 1668 1097 1698 ‚
1138 1642 1203 1683 ut
1240 1644 1435 1705 neque

52 1702 370 1765 offendam
410 1703 663 1761 animum
712 1698 844 1778 cuju
870 1723 1039 1783 quam
1064 1748 1083 1776 ,
1130 1724 1239 1764 nec
1276 1702 1458 1763 fran-'

52 1804 204 1876 gam
248 1784 595 1871 dignitatem
623 1781 865 1843 meam?
927 1781 1096 1843 Nunc
1133 1785 1310 1845 venio
1360 1784 1437 1844 ad
1484 1795 1489 1803 ⁴

55 1868 394 1946 locationes
420 1882 542 1924 tuas
563 1907 583 1937 ‚
618 1882 798 1945 quum
828 1880 888 1923 tu
919 1863 1231 1924 secundum
1258 1864 1437 1926 OEno-
1505 1910 1508 1911 ν

60 1967 277 2007 maum
335 1944 504 2005 Ace-ii
547 1988 568 2017 ,
616 1964 735 2003 non
778 1988 797 2017 ,
859 1960 923 2004 ut
970 1945 1111 2006 olim
1154 1944 1376 2006 solebat
1412 1991 1437 2018 ,

60 2027 414 2086 Atellanurn
447 2071 471 2099 ‚
522 2022 623 2083 sed
649 2067 673 2097 ‚
735 2041 801 2084 ut
845 2044 999 2085 nunc
1041 2024 1105 2086 fit
1130 2070 1147 2098 ,
1192 2029 1437 2087 mimum

56 2104 458 2169 introduxisti.
520 2102 727 2182 Quem
769 2121 833 2164 vu
881 2106 1024 2166 mihi
1083 2105 1374 2188 Polypum
1417 2115 1456 2184 ,‘

60 2207 255 2270 quem
277 2185 599 2247 Denarium
616 2183 848 2245 narras?
910 2208 1045 2247 uam
1059 2186 1431 2266 Tyrotarichi

62 2269 339 2349 patinam
384 2267 407 2329 ἓ
463 2265 737 2325 facilitate
781 2285 914 2334 mea
966 2265 1069 2326 ista
1110 2266 1439 2328 ferebantur

62 2364 288 2420 antea3
317 2367 466 2406 nunc
499 2360 719 2407 mutata
753 2364 843 2404 res
873 2344 974 2406 est.
1005 2346 1260 2406 Hirtium
1292 2365 1444 2426 ego,

66 2432 138 2489 &
180 2426 560 2488 Dolabellam
599 2425 829 2488 dicendi
870 2424 1176 2506 discipulos
1211 2425 1398 2486 habeo
1421 2472 1440 2502 ‚

66 2508 355 2569 coenandi
387 2505 707 2588 magistros.
753 2504 900 2568 Puto
941 2509 1102 2567 enim
1134 2524 1193 2567 te
1231 2504 1441 2568 audisse

72 2590 98 2667 (
162 2591 212 2650 si
268 2587 422 2649 forte
471 2587 549 2649 ¹ad
608 2607 719 2647 vos
769 2590 965 2648 omnia
1013 2585 1373 2669 perferuntur
1411 2586 1444 2667 )

73 2671 211 2731 illos
254 2668 415 2749 apud
454 2687 547 2726 me
583 2665 946 2730 declamitare
972 2713 993 2743 ‚
1022 2688 1118 2728 me
1150 2669 1305 2750 apud
1334 2687 1439 2727 eos

78 2754 386 2811 coenitare.
452 2745 546 2807 Tu
600 2761 794 2807 autem
840 2749 998 2829 qubd
1049 2748 1188 2807 mihi
1225 2749 1441 2808 bonam
1482 2752 1485 2759 ’

72 2832 322 2915 copiam
346 2826 535 2910 ejures
556 2869 580 2900 ,
610 2827 752 2890 nihil
778 2828 861 2893 est
883 2850 898 2890 :
922 2846 1048 2891 tum
1075 2829 1233 2890 enim
1262 2847 1442 2911 quum
