2007 3620
286 287 422 355 AD
451 288 899 355 FAMILIAR.
927 288 1098 357 Lm.
1128 287 1260 359 III.
1292 309 1305 320 ·
1338 289 1492 382 1'17.

118 416 245 460 tem
281 402 573 464 interdum
611 400 925 463 actionibus
957 400 1108 463 suis?
1149 400 1486 482 quo*·studio

120 483 381 562 providit
407 528 428 553 ,
472 503 546 543 ne
586 502 715 562 quae
757 503 852 548 me
898 482 1047 546 illius
1080 485 1361 563 temporis
1392 486 1485 542 in-

122 562 277 621 vidia
337 566 647 645 attingeret
688 609 709 638 ,
774 584 952 646 quum
1012 584 1108 624 me
1175 563 1419 623 consilio
1462 608 1484 637 ‚

122 664 305 723 quum
352 643 683 704 aufioritate
719 688 739 716 ‚
788 649 965 725 quum
1017 645 1185 704 armis
1226 645 1360 706 deni
1406 665 1483 705 ue

119 726 272 784 texit
321 723 432 785 suis
473 724 496 784 ἓ
557 723 791 803 Quibus
884 724 1078 785 uidem
1125 665 1485 806 temporssus

119 803 252 863 haec
297 807 359 863 in
395 825 470 865 eo
513 808 759 887 gravitas
794 849 815 878 ‚
843 746 982 865 ffiaec
1024 807 1200 864 animi
1240 807 1487 867 altitudo

119 882 236 946 fuit
275 930 294 957 ‚
343 907 466 948 non
517 885 699 946 modo
749 901 812 944 ut
858 885 1080 967 Phrygi
1128 887 1349 961 alicui,
1397 904 1495 951 aut

121 964 451 1045 Lycaoni,
492 967 654 1047 quod
699 983 760 1026 tu
803 968 861 1036 in
901 968 1102 1048 legatis
1140 966 1355 1041 fecisti,
1387 966 1491 1028 sed·
1539 965 1580 1003 ⁶

125 1066 203 1113 ne
242 1046 620 1113 summorum
669 1046 905 1126 quidem
950 1047 1258 1114 hominum
1301 1047 1494 1108 male-

128 1126 283 1201 volis
324 1128 400 1189 de
439 1148 534 1188 me
574 1127 927 1187 sermonibus
968 1128 1252 1187 crederet.
1301 1126 1491 1205 Hujus

133 1207 307 1288 igitur
342 1206 492 1267 filius
527 1229 705 1288 quum
743 1210 814 1279 sit
856 1227 1034 1288 gener
1071 1226 1200 1276 tuus
1222 1252 1240 1282 ‚
1274 1230 1494 1290 quum-

135 1308 250 1368 que
276 1333 296 1364 ,
350 1306 559 1369 praeter
605 1289 753 1347 hanc
789 1285 1257 1365 conjunffionem
1301 1286 1495 1352 affini-

134 1372 268 1433 tatis
309 1412 330 1441 ‚
389 1367 567 1448 quam
625 1372 700 1429 sis
765 1365 881 1430 Cn.
934 1366 1220 1448 Pompeio
1282 1389 1441 1436 carus
1481 1412 1505 1443 ,

224 1449 431 1528 ⁸'amque
482 1446 764 1527 jucundus
805 1449 1161 1531 intelligam,
1198 1470 1316 1530 quo
1351 1461 1503 1508 'tan-

185 1550 285 1589 em
313 1532 511 1600 animo
546 1533 604 1589 in
640 1549 696 1590 te
734 1528 846 1590 esse
881 1530 1120 1594 debeo?
1157 1550 1338 1610 quum
1365 1551 1507 1610 prae-

149 1609 350 1669 sertim
385 1631 480 1670 eas
519 1611 593 1670 ad
624 1631 718 1672 me
762 1614 809 1682 is
841 1610 1057 1670 litteras
1099 1609 1341 1682 miserit,
1384 1613 1512 1689 qui-

145 1690 297 1770 buS,
342 1694 565 1751 etiamsi
600 1693 704 1750 tibi
739 1735 756 1763 ,
797 1693 890 1759 cui
928 1690 1050 1749 sum
1092 1692 1467 1761 amicissimus
1489 1734 1512 1764 ,

145 1769 323 1839 hostis
370 1770 551 1834 essem
570 1816 589 1846 ‚
625 1772 880 1852 placarer
918 1788 1114 1842 tamen
1143 1789 1162 1842 ;
1200 1787 1507 1852 totumque

150 1873 243 1920 me
292 1853 367 1915 ad
407 1851 534 1931 ejus
576 1855 687 1912 viri·
728 1855 808 1913 ita
843 1852 916 1912 de
955 1873 1052 1924 me
1084 1854 1273 1921 meriti
1306 1853 1513 1921 volun·-

154 1951 372 2007 πείθω,
414 1952 734 2015 nutumque
772 1949 1194 2000 converterem,
1238 1932 1354 1993 Sed
1389 1933 1530 1997 haec.

153 2013 424 2074 haftenus
457 2035 475 2072 t
538 2014 790 2096 pluribus
842 2015 998 2074 enim
1053 2015 1229 2074 etiam
1284 2012 1516 2083 fortass'e

150 2095 344 2159 verbis
366 2139 386 2169 ‚
434 2094 611 2177 quam
659 2092 882 2164 necesse
924 2092 1029 2154 fuit
1058 2140 1077 2168 ‚
1117 2093 1322 2174 scripta
1369 2094 1518 2165 sunt.

151 2162 341 2236 Nunc.
374 2196 445 2236 ea
469 2221 488 2249 ‚
540 2196 667 2256 quae
710 2197 743 2234 a
781 2194 878 2238 me
922 2173 1178 2254 profefla
1202 2219 1221 2246 ‚
1257 2195 1517 2256 ‚quaeque

152 2252 411 2326 instituta
441 2255 566 2335 sunt
601 2301 619 2329 ‚
675 2253 981 2336 cognosce.
1028 2257 1057 2286 ¹*
1072 2255 1101 2283 ⁸‘
1147 2253 1346 2332 Atque
1390 2256 1517 2324 haes:

149 2338 384 2418 ‚agimus
404 2381 425 2410 ,
460 2336 525 2395 ὃ(
555 2355 796 2417 agemus
836 2338 1016 2416 magis
1050 2356 1158 2414 pro
1190 2334 1464 2414 dignitate
1497 2378 1519 2408 ,

155 2413 338 2496 duam
383 2439 490 2498 pro
541 2417 804 2497 periculo
851 2433 973 2481 tuo.
1027 2412 1120 2474 Te
1176 2416 1332 2472 enim
1387 2421 1414 2490 <
1459 2432 1525 2476 ut

154 2495 383 2580 spero)
432 2498 780 2578 propediem
827 2494 1124 2556 censorem
1167 2494 1463 2556 audiemus
1498 2515 1521 2568 ;

156 2577 325 2651 quius
349 2576 702 2660 magistratus
725 2573 913 2636 officia
934 2621 953 2648 ‚
999 2597 1126 2657 quae
1147 2574 1272 2640 sunt
1290 2579 1538 2636 maximi

154 2661 375 2732 animi,
411 2658 736 2737 summique
760 2658 1013 2731 consilii,
1036 2656 1141 2716 tibi
1167 2656 1493 2737 diligentius
1509 2700 1532 2730 ,

162 2733 229 2811 ξ(
259 2741 581 2805 accuratius
609 2781 627 2810 ‚
670 2735 842 2816 quam
869 2737 993 2795 haec
1013 2781 1033 2809 ‚
1068 2757 1195 2815 quae
1226 2757 1334 2794 nos
1366 2735 1437 2796 de
1470 2751 1535 2805 te

158 2816 385 2904 agimus
410 2867 433 2897 ,
475 2816 790 2901 cogitanda
811 2815 922 2895 effe
955 2815 1185 2893 senff-²0.
1220 2815 1432 2908 Valeae·
1500 2858 1505 2863 -
