2007 3620
249 232 378 305 AD
406 234 853 302 FAMILIAR.
887 230 1065 302 Lm.
1102 230 1255 300 VII.
1304 249 1463 323 297

125 353 561 429 ueram,lquum
600 344 744 405 mihi
790 367 824 404 a
868 361 927 406 te
972 344 1179 407 litterae
1216 344 1461 418 redditae

123 426 268 503 sunt3
307 428 376 488 ab
418 427 751 509 eodemque
793 428 992 508 accepi
1040 425 1256 486 Aviani
1296 428 1461 486 litte-

123 527 241 582 ras3
273 512 357 568 in.
443 508 570 568 ibus
598 509 715 569 hoc
749 509 936 569 inerat
963 505 1419 567 liberalissimum
1437 551 1460 581 ,

124 593 336 649 nomina
392 610 426 650 e
465 588 742 650 faciurum
759 634 781 665 ,
825 609 1002 671 quum
1035 585 1279 649 veniffet
1296 631 1314 661 ,
1346 588 1465 668 qua
1570 634 1574 637 »

125 687 222 751 ego
258 670 471 732 vellem
520 670 633 732 die.
684 668 798 730 Fac
823 713 844 746 ,
905 668 1097 752 quaeso
1135 713 1154 744 ‚
1211 670 1311 749 qui
1341 689 1464 751 ego

126 748 228 809 sum
251 797 269 825 ‚
303 750 412 813 esse
453 768 551 812 te:
595 749 749 813 estne
783 769 881 812 aut
916 753 1000 813 tui
1034 751 1272 832 pudoris
1300 795 1319 824 ,
1362 765 1470 809 aut

127 830 278 891 nostri
318 878 337 906 ,
377 834 631 915 primum
674 852 877 914 rogare
925 832 999 892 de
1049 832 1197 904 die3
1243 831 1466 891 deinde

125 912 234 989 plus
283 913 470 973 annua
527 911 811 995 postulare
848 913 872 975 ἓ
915 911 1032 973 Sed
1073 910 1250 974 essent
1287 956 1304 984 ‚
1372 914 1472 972 mi·

128 988 278 1054 Galle
307 1039 327 1068 ‚
371 996 569 1054 omnia
607 992 792 1053 facilia
822 1036 842 1066 ‚
894 995 942 1052 si
978 993 1043 1053 δι
1067 1009 1148 1054 -ea
1178 1011 1466 1053 mercatus

129 1071 249 1133 effes
270 1118 293 1147 ‚
321 1096 448 1156 quae
487 1095 606 1157 ego
640 1072 1041 1135 desiderabam
1064 1119 1085 1149 ‚
1124 1074 1188 1134 &
1226 1073 1299 1133 ad
1328 1094 1466 1134 eam

131 1151 379 1214 summam
416 1201 445 1231 5
502 1173 681 1238 quam
739 1155 1068 1217 volueram.
1121 1152 1213 1213 Ac
1266 1172 1470 1215 tamen

135 1231 218 1292 ista
249 1236 396 1316 ipsa,
437 1257 568 1317 quae
613 1252 674 1296 te
711 1233 904 1296 emiss'e
941 1234 1134 1295 scribis
1157 1279 1178 1309 ‚
1219 1253 1340 1294 non
1378 1233 1496 1295 so·-

134 1311 237 1372 ihm
268 1334 383 1378 rata
423 1318 569 1377 mihi
617 1333 784 1377 erunt
816 1361 835 1391 ‚
898 1313 999 1375 sed
1041 1317 1215 1375 etiam
1299 1332 1421 1373 rata
1452 1332 1475 1374 .·,

136 1394 277 1471 plane
314 1400 467 1459 enim
504 1398 775 1479 intelligo
797 1440 815 1469 ,
863 1412 924 1456 te
962 1416 1085 1455 non
1116 1394 1255 1455 mod
1350 1393 1482 1454 stu·-

138 1473 217 1536 dio
240 1522 258 1550 ‚
287 1476 382 1544 sed
413 1482 597 1541 etiam
636 1496 834 1539 amore
871 1477 1073 1549 usum,
1149 1498 1239 1538 uae
1270 1493 1331 1538 te
1367 1476 1477 1537 de-

139 1552 396 1634 helarius,
431 1561 739 1624 hominem
779 1556 809 1639 (
846 1575 911 1618 ut
953 1578 1070 1640 ego
1131 1578 1332 1640 emper
1366 1554 1504 1637 ju-·

143 1635 301 1700 dicavi
325 1640 352 1723 )
383 1644 444 1701 in
476 1643 646 1704 omni
688 1638 903 1720 judicio
938 1639 1427 1721 elegantissimum
1447 1681 1475 1712 ,

148 1736 349 1799 quaeque
385 1742 478 1783 me
527 1722 705 1804 digna
739 1720 995 1801 putaris,
1031 1716 1318 1779 coetniss'e.
1354 1716 1483 1777 Sed·

144 1798 293 1859 velim
329 1802 565 1866 maneat
608 1801 1005 1882 Damasippus
1047 1802 1108 1860 in
1154 1798 1435 1860 sententia
1452 1818 1473 1860 ε

144 1881 337 1954 prorsus
374 1889 539 1946 enim
576 1904 649 1944 ex
687 1881 800 1943 istis
832 1881 1225 1963 emptionibus
1256 1880 1488 1944 nullam'

146 1957 396 2025 desidero.
431 1965 537 2028 Tu
572 1980 766 2025 autem
794 1966 1025 2045 ignarus
1058 1960 1291 2023 instituti
1317 1963 1487 2034 meis

148 2048 315 2117 quanti
346 2066 457 2130 ego
492 2066 685 2130 genus
725 2046 964 2105 omnino
1008 2046 1303 2127 signorum
1340 2064 1484 2105 om-

148 2121 283 2182 nium
317 2148 432 2188 non
467 2126 691 2189 aestimo
718 2171 738 2197 ,
783 2126 927 2185 tanti
963 2124 1064 2186 ista
1103 2144 1347 2206 quatuor
1379 2141 1487 2184 aut

155 2203 366 2337 {imque
388 2206 695 2290 sumpsisti.
714 2206 964 2267 Bacchas
980 2204 1111 2267 istas
1135 2227 1269 2266 cum
1290 2203 1491 2265 Musis

219 2287 351 2346 etelli.
370 2294 699 2370 comparas,
730 2286 898 2366 Quid
927 2287 1149 2346 simile?
1183 2286 1442 2344 Primum
1461 2326 1490 2358 ,

154 2356 276 2499 {sas
315 2389 423 2452 ego
477 2370 675 2432 Musas
725 2386 1042 2446 numquam
1087 2366 1234 2424 tanti
1283 2362 1520 2444 putas-¹

205 2462 254 2501 m
292 2465 311 2518 3
365 2454 541 2534 atque
583 2452 646 2510 id
684 2445 942 2508 feciss'em
986 2445 1170 2506 Musis
1213 2444 1520 2519 omnibus&

144 2527 573 2602 ‘approbantibus
599 2553 613 2590 ι
652 2528 752 2590 sed
785 2546 982 2589 tamen
1019 2543 1141 2588 erat
1173 2543 1372 2608 aptum
1389 2525 1496 2584 'bi-

156 2597 430 2671 bliothecae
467 2660 486 2689 ,
539 2610 843 2691 studiisque
888 2607 1089 2671 nostri-s
1144 2627 1524 2690 congruensa‘

159 2676 371 2749 Bacchis
399 2696 544 2757 verb
585 2695 685 2754 ubi
723 2690 805 2751 est
840 2691 995 2772 apud
1030 2708 1130 2748 me
1162 2688 1322 2750 locus
1349 2685 1375 2744 Ξ
1412 2685 1503 2747 At

161 2765 431 2840 pulchellae
485 2767 658 2838 sunt(
694 2772 885 2838 Novi·
911 2770 1188 2910 optime&
1229 2768 1297 2828 ὅτ.
1346 2765 1504 2849 sape

198 2872 203 2879 '
1220 2868 1266 2921 V.
