2007 3620
536 290 689 388 ‘382
835 288 1584 358 E,PtsroLARvM

527 401 947 464 consuetudine
994 399 1270 483 legendi:
1332 403 1415 460 sic
1467 399 1655 460 audio
1710 397 1896 461 Caesa-

534 504 664 545 rem
706 528 725 558 ‚
784 501 969 563 quum
1033 481 1337 544 volumina
1398 478 1518 539 ‘am
1581 480 1897 543 consecet&

534 565 977 644 ἀποφθεῖμάται,
1021 563 1075 622 si
1122 560 1282 642 quod
1410 578 1600 623 eratur
1651 562 1752 621 ad·
1786 579 1899 623 em!

530 666 646 725 pro
691 664 828 705 meo
853 687 874 717 ‚
907 643 1068 725 quod
1105 659 1302 703 meum
1339 664 1463 703 non
1487 646 1609 715 sit,
1670 640 1902 721 re'jioe'oe'

531 724 721 785 solere
753 746 767 783 ε
824 724 985 804 quod
1023 724 1099 784 eb
1135 744 1287 783 nunc
1326 726 1510 805 magis
1550 720 1758 798 ἱππείῃ·
1786 725 1902 805 quia

528 807 737 865 vivunt
791 823 1028 865 mecum
1062 802 1184 863 fer&
1226 804 1485 884 quotidie
1533 803 1700 863 iuius
1735 804 1902 865 fami—

527 886 718 944 ·iiareS.
770 883 1038 945 Incidunt
1080 902 1269 944 autem
1318 886 1381 944 in
1419 883 1700 945 sermone
1753 886 1904 948 ναῶ

530 966 713 1025 multa
734 1008 755 1038 ,
781 984 909 1044 quae
941 962 1169 1026 fortass'e
1201 965 1347 1038 inis,
1379 984 1559 1045 quum
1587 965 1760 1040 dixi,
1801 986 1898 1027 nec

525 1046 854 1119 illitterata,
880 1067 991 1107 nec
1024 1044 1228 1106 insulsa
1254 1044 1365 1106 effe
1399 1045 1742 1106 videantur.
1768 1046 1902 1106 Haec·

526 1126 608 1186 ad
651 1125 811 1186 illum
853 1148 984 1187 curn
1025 1127 1259 1207 reliquis
1302 1123 1438 1185 affis
1475 1125 1899 1205 perferuntur3

526 1210 609 1266 ita
666 1208 823 1267 enim
869 1206 989 1288 ipse
1043 1206 1360 1267 mandavit.
1408 1205 1503 1267 Sic
1550 1204 1626 1267 fit
1650 1252 1674 1280 ‚
1718 1224 1784 1267 ut
1806 1252 1827 1282 ‚
1855 1209 1900 1266 si

575 1286 673 1347 uid
717 1304 996 1367 praeterea
1042 1288 1115 1348 de
1156 1307 1255 1347 me
1306 1287 1501 1347 audiat
1532 1330 1553 1360 ,
1626 1307 1758 1347 non
1799 1309 1897 1347 au-

524 1309 809 1427 diendum
874 1384 1059 1448 putet.
1118 1365 1532 1446 Quamobrem
1602 1367 1896 1429 OEnotnao

527 1465 633 1506 tuo
676 1448 816 1506 nihil
855 1466 1029 1508 utor:
1083 1451 1193 1509 etsi
1235 1446 1462 1528 posuisti
1506 1448 1652 1507 loco
1709 1446 1893 1510 versus

525 1526 838 1586 Accianos.
872 1526 991 1588 Sed
1028 1548 1159 1609 quae
1194 1526 1277 1589 est
1312 1527 1575 1590 invidia?
1618 1546 1727 1587 aut
1767 1528 1894 1613 quid

525 1607 670 1667 mihi
720 1628 879 1667 nunc
930 1609 1180 1669 invideri
1225 1606 1465 1689 potest?
1526 1607 1767 1669 Veriun
1812 1607 1892 1669 fae

524 1687 641 1749 effe
689 1691 927 1753 omniaae
973 1688 1069 1749 Sic
1108 1688 1287 1750 video
1339 1689 1711 1770 philosophis
1764 1689 1892 1770 pla·

522 1767 696 1831 tuisse
760 1771 827 1829 iis
859 1815 881 1842 ,
936 1770 1038 1850 qui
1098 1770 1238 1829 mihi
1280 1768 1385 1830 soli
1438 1770 1717 1830 videntur
1770 1771 1892 1829 vim

524 1852 750 1911 virtutis
794 1867 992 1910 tenere
1034 1895 1053 1924 ,
1094 1850 1235 1910 nihil
1272 1848 1386 1911 esse
1429 1850 1708 1931 sapientis
1748 1872 1889 1931 prae-

522 1928 667 1990 stare
690 1974 716 2003 ,‚
756 1933 865 1990 nisi
897 1931 1129 2012 culpam
1149 1951 1169 2004 3
1205 1931 1318 2011 qua
1347 1931 1490 1990 mihi
1528 1931 1744 1992 videor
1779 1931 1885 1991 du·-

520 2012 746 2089 pliciter
804 2031 997 2073 carere
1034 2031 1057 2084 3
1116 2011 1187 2071 &
1230 2012 1393 2091 qubd
1444 2031 1521 2071 ea
1564 2011 1882 2086 senserim,

429 2163 433 2166 .
514 2109 650 2168 quae
708 2089 1018 2152 reffissima
1054 2090 1326 2163 fuerunt3
1378 2090 1447 2149 &
1482 2093 1622 2172 quia
1656 2137 1679 2166 ‚
1715 2102 1882 2174 quum‘

416 2186 420 2191 ·
519 2170 786 2231 viderem
848 2172 1102 2252 praesidii
1156 2192 1279 2233 non
1331 2169 1457 2232 satis
1522 2170 1644 2232 effe
1696 2173 1773 2233 ad
1816 2191 1880 2232 ea

515 2249 840 2312 obtinenda
867 2296 886 2325 ,
946 2252 1163 2312 viribus
1215 2252 1557 2312 certandum
1606 2273 1746 2312 cum
1782 2272 1882 2312 va·

515 2332 853 2394 ientioribus
909 2354 1029 2392 non
1073 2335 1357 2413 putarim„
1385 2331 1543 2412 Ergo
1581 2334 1651 2403 in
1689 2332 1885 2394 officio

518 2414 662 2472 boni
709 2415 847 2472 civis
890 2412 1048 2473 cert&
1097 2433 1223 2473 non
1266 2412 1391 2472 sum
1434 2413 1883 2493 reprehenden-

512 2492 646 2551 dus,
690 2490 999 2573 Reliquum
1053 2490 1133 2551 est
1160 2504 1206 2567 ‚⁴
1234 2512 1309 2552 ne
1369 2493 1508 2574 quid
1556 2491 1765 2567 stultit,
1807 2513 1884 2554 ne

511 2573 659 2653 quid
708 2573 928 2633 temer&⁷
969 2574 1159 2632 dicam
1193 2617 1214 2646 ,
1276 2590 1375 2632 aut
1416 2572 1628 2634 faciam
1682 2592 1882 2635 contra

516 2669 825 2733 potentes:
870 2654 930 2712 id
973 2673 1208 2735 quoque
1243 2669 1384 2733 puto
1427 2651 1543 2714 effe
1589 2654 1887 2736 sapientis.

511 2731 733 2796 Cetera
788 2734 932 2795 verb
964 2778 983 2807 ,
1046 2733 1186 2814 quid
1245 2732 1479 2815 quisque
1533 2756 1632 2796 me
1684 2732 1885 2796 dixiss'e

484 2813 664 2875 ‘dicat
682 2860 709 2892 ‚
764 2832 863 2875 aut
915 2813 1219 2896 quomodo
1272 2814 1372 2876 ine
1420 2817 1672 2900 accipiat
1705 2862 1734 2895 ,
1790 2830 1886 2880 am
