<?xml version="1.0" encoding="UTF-8"?>
<!DOCTYPE html PUBLIC "-//W3C//DTD XHTML 1.0 Transitional//EN"
    "http://www.w3.org/TR/xhtml1/DTD/xhtml1-transitional.dtd">
<html xmlns="http://www.w3.org/1999/xhtml" xml:lang="en" lang="en">
 <head>
  <title>
</title>
<meta http-equiv="Content-Type" content="text/html;charset=utf-8" />
  <meta name='ocr-system' content='tesseract 3.04.00' />
  <meta name='ocr-capabilities' content='ocr_page ocr_carea ocr_par ocr_line ocrx_word'/>
</head>
<body>
  <div class='ocr_page' id='page_1' title='image "./mtulliiciceroni12lallgoog/mtulliiciceroni12lallgoog_0463.png"; bbox 0 0 2007 3620; ppageno 0'>
   <div class='ocr_carea' id='block_1_1' title="bbox 250 299 1436 399">
    <p class='ocr_par' dir='ltr' id='par_1_1' title="bbox 250 299 1436 399">
     <span class='ocr_line' id='line_1_1' title="bbox 250 299 1436 399; baseline 0.008 -28"><span class='ocrx_word' id='word_1_1' title='bbox 250 299 390 372; x_wconf 77' lang='lat' dir='ltr'>&#39;AD</span> <span class='ocrx_word' id='word_1_2' title='bbox 430 306 873 373; x_wconf 69' lang='lat' dir='ltr'><em>FAMILIAR.</em></span> <span class='ocrx_word' id='word_1_3' title='bbox 914 307 1087 375; x_wconf 74' lang='lat' dir='ltr'>Lm.</span> <span class='ocrx_word' id='word_1_4' title='bbox 1121 305 1218 373; x_wconf 83' lang='lat' dir='ltr'>X.</span> <span class='ocrx_word' id='word_1_5' title='bbox 1278 312 1436 399; x_wconf 68' lang='lat'>453</span> 
     </span>
    </p>
   </div>
   <div class='ocr_carea' id='block_1_2' title="bbox 33 416 1476 2820">
    <p class='ocr_par' dir='ltr' id='par_1_2' title="bbox 33 416 1476 2820">
     <span class='ocr_line' id='line_1_2' title="bbox 33 416 1450 501; baseline 0.001 -21"><span class='ocrx_word' id='word_1_6' title='bbox 33 422 269 500; x_wconf 76' lang='lat' dir='ltr'>leque</span> <span class='ocrx_word' id='word_1_7' title='bbox 308 419 418 479; x_wconf 85' lang='lat' dir='ltr'>alia</span> <span class='ocrx_word' id='word_1_8' title='bbox 451 438 513 478; x_wconf 85' lang='lat' dir='ltr'>re</span> <span class='ocrx_word' id='word_1_9' title='bbox 560 416 839 479; x_wconf 79' lang='lat' dir='ltr'>referrent</span> <span class='ocrx_word' id='word_1_10' title='bbox 860 460 881 490; x_wconf 89' lang='lat'>‚</span> <span class='ocrx_word' id='word_1_11' title='bbox 913 433 1101 479; x_wconf 83' lang='lat' dir='ltr'>totam</span> <span class='ocrx_word' id='word_1_12' title='bbox 1129 420 1450 501; x_wconf 79' lang='lat' dir='ltr'>rempubli-</span> 
     </span>
     <span class='ocr_line' id='line_1_3' title="bbox 33 498 1442 580; baseline 0.001 -20"><span class='ocrx_word' id='word_1_13' title='bbox 33 520 200 570; x_wconf 76' lang='lat' dir='ltr'>;am</span> <span class='ocrx_word' id='word_1_14' title='bbox 242 498 370 558; x_wconf 86' lang='lat' dir='ltr'>sum</span> <span class='ocrx_word' id='word_1_15' title='bbox 408 499 745 579; x_wconf 83' lang='lat' dir='ltr'>complexus</span> <span class='ocrx_word' id='word_1_16' title='bbox 769 542 789 571; x_wconf 89' lang='lat'><strong>,</strong></span> <span class='ocrx_word' id='word_1_17' title='bbox 843 501 1055 580; x_wconf 87' lang='lat' dir='ltr'>egique</span> <span class='ocrx_word' id='word_1_18' title='bbox 1107 502 1381 561; x_wconf 75' lang='lat' dir='ltr'>acerrime</span> <span class='ocrx_word' id='word_1_19' title='bbox 1419 545 1442 577; x_wconf 85' lang='lat'>,</span> 
     </span>
     <span class='ocr_line' id='line_1_4' title="bbox 33 576 1442 660; baseline -0.001 -19"><span class='ocrx_word' id='word_1_20' title='bbox 33 582 450 659; x_wconf 63' lang='lat' dir='ltr'>senatumque</span> <span class='ocrx_word' id='word_1_21' title='bbox 490 576 608 658; x_wconf 83' lang='lat' dir='ltr'>jam</span> <span class='ocrx_word' id='word_1_22' title='bbox 647 580 1017 660; x_wconf 84' lang='lat' dir='ltr'>languentem</span> <span class='ocrx_word' id='word_1_23' title='bbox 1061 580 1126 640; x_wconf 92' lang='lat'>&amp;</span> <span class='ocrx_word' id='word_1_24' title='bbox 1164 578 1442 641; x_wconf 88' lang='lat' dir='ltr'>defessum</span> 
     </span>
     <span class='ocr_line' id='line_1_5' title="bbox 33 658 1440 741; baseline 0 -20"><span class='ocrx_word' id='word_1_25' title='bbox 33 662 132 721; x_wconf 70' lang='lat' dir='ltr'>ad</span> <span class='ocrx_word' id='word_1_26' title='bbox 186 658 485 741; x_wconf 80' lang='lat' dir='ltr'>pristinam</span> <span class='ocrx_word' id='word_1_27' title='bbox 534 661 808 720; x_wconf 86' lang='lat' dir='ltr'>virtutem</span> <span class='ocrx_word' id='word_1_28' title='bbox 848 658 1440 741; x_wconf 85' lang='lat' dir='ltr'>consuetudinemque</span> 
     </span>
     <span class='ocr_line' id='line_1_6' title="bbox 33 739 1445 823; baseline 0 -22"><span class='ocrx_word' id='word_1_29' title='bbox 33 742 355 803; x_wconf 82' lang='lat' dir='ltr'>revocavi</span> <span class='ocrx_word' id='word_1_30' title='bbox 382 783 403 812; x_wconf 89' lang='lat'>‚</span> <span class='ocrx_word' id='word_1_31' title='bbox 440 742 619 822; x_wconf 86' lang='lat' dir='ltr'>magis</span> <span class='ocrx_word' id='word_1_32' title='bbox 658 741 872 813; x_wconf 85' lang='lat' dir='ltr'>animi,</span> <span class='ocrx_word' id='word_1_33' title='bbox 902 739 1081 819; x_wconf 71' lang='lat' dir='ltr'>quam</span> <span class='ocrx_word' id='word_1_34' title='bbox 1113 744 1326 823; x_wconf 82' lang='lat' dir='ltr'>ingenii</span> <span class='ocrx_word' id='word_1_35' title='bbox 1353 743 1445 801; x_wconf 88' lang='lat' dir='ltr'>vi-</span> 
     </span>
     <span class='ocr_line' id='line_1_7' title="bbox 33 819 1443 901; baseline -0.001 -19"><span class='ocrx_word' id='word_1_36' title='bbox 33 821 255 882; x_wconf 86' lang='lat' dir='ltr'>ribus.</span> <span class='ocrx_word' id='word_1_37' title='bbox 289 819 406 879; x_wconf 88' lang='lat' dir='ltr'>Hic</span> <span class='ocrx_word' id='word_1_38' title='bbox 445 819 566 881; x_wconf 89' lang='lat' dir='ltr'>dies</span> <span class='ocrx_word' id='word_1_39' title='bbox 590 863 610 895; x_wconf 90' lang='lat'><strong><em>,</em></strong></span> <span class='ocrx_word' id='word_1_40' title='bbox 647 839 892 900; x_wconf 87' lang='lat' dir='ltr'>meaque</span> <span class='ocrx_word' id='word_1_41' title='bbox 929 825 1230 882; x_wconf 88' lang='lat' dir='ltr'>contentio</span> <span class='ocrx_word' id='word_1_42' title='bbox 1268 838 1443 901; x_wconf 86' lang='lat' dir='ltr'>atque</span> 
     </span>
     <span class='ocr_line' id='line_1_8' title="bbox 37 899 1444 980; baseline -0.001 -18"><span class='ocrx_word' id='word_1_43' title='bbox 37 899 224 962; x_wconf 69' lang='lat' dir='ltr'>aoffio</span> <span class='ocrx_word' id='word_1_44' title='bbox 272 944 297 972; x_wconf 89' lang='lat'><em>,</em></span> <span class='ocrx_word' id='word_1_45' title='bbox 350 899 511 980; x_wconf 86' lang='lat' dir='ltr'>spem</span> <span class='ocrx_word' id='word_1_46' title='bbox 575 902 826 980; x_wconf 64' lang='lat' dir='ltr'>primum</span> <span class='ocrx_word' id='word_1_47' title='bbox 885 901 1110 980; x_wconf 89' lang='lat' dir='ltr'>populo</span> <span class='ocrx_word' id='word_1_48' title='bbox 1169 900 1444 971; x_wconf 80' lang='lat' dir='ltr'>Romano</span> 
     </span>
     <span class='ocr_line' id='line_1_9' title="bbox 40 980 1444 1059; baseline -0.001 -16"><span class='ocrx_word' id='word_1_49' title='bbox 40 981 272 1043; x_wconf 79' lang='lat' dir='ltr'>attulit</span> <span class='ocrx_word' id='word_1_50' title='bbox 314 980 589 1041; x_wconf 75' lang='lat' dir='ltr'>libertatis</span> <span class='ocrx_word' id='word_1_51' title='bbox 647 981 1075 1059; x_wconf 76' lang='lat' dir='ltr'>recuperandae.</span> <span class='ocrx_word' id='word_1_52' title='bbox 1129 980 1258 1041; x_wconf 91' lang='lat' dir='ltr'>Nec</span> <span class='ocrx_word' id='word_1_53' title='bbox 1295 984 1444 1042; x_wconf 76' lang='lat' dir='ltr'>verb</span> 
     </span>
     <span class='ocr_line' id='line_1_10' title="bbox 45 1058 1454 1143; baseline -0.001 -21"><span class='ocrx_word' id='word_1_54' title='bbox 45 1059 203 1143; x_wconf 79' lang='lat' dir='ltr'>ipse</span> <span class='ocrx_word' id='word_1_55' title='bbox 268 1058 463 1140; x_wconf 87' lang='lat' dir='ltr'>postea</span> <span class='ocrx_word' id='word_1_56' title='bbox 522 1078 750 1140; x_wconf 87' lang='lat' dir='ltr'>tempus</span> <span class='ocrx_word' id='word_1_57' title='bbox 802 1060 992 1118; x_wconf 31' lang='lat' dir='ltr'>‘ullum</span> <span class='ocrx_word' id='word_1_58' title='bbox 1037 1062 1318 1121; x_wconf 81' lang='lat' dir='ltr'>intermisi</span> <span class='ocrx_word' id='word_1_59' title='bbox 1368 1063 1454 1122; x_wconf 73' lang='lat' dir='ltr'>de</span> 
     </span>
     <span class='ocr_line' id='line_1_11' title="bbox 51 1139 1446 1223; baseline -0.001 -22"><span class='ocrx_word' id='word_1_60' title='bbox 51 1140 382 1223; x_wconf 83' lang='lat' dir='ltr'>republica</span> <span class='ocrx_word' id='word_1_61' title='bbox 411 1161 531 1200; x_wconf 86' lang='lat' dir='ltr'>non</span> <span class='ocrx_word' id='word_1_62' title='bbox 568 1139 860 1221; x_wconf 83' lang='lat' dir='ltr'>cogitandi</span> <span class='ocrx_word' id='word_1_63' title='bbox 887 1139 1072 1199; x_wconf 68' lang='lat' dir='ltr'>solum</span> <span class='ocrx_word' id='word_1_64' title='bbox 1092 1186 1111 1215; x_wconf 92' lang='lat'><strong>‚</strong></span> <span class='ocrx_word' id='word_1_65' title='bbox 1141 1140 1241 1202; x_wconf 91' lang='lat' dir='ltr'>sed</span> <span class='ocrx_word' id='word_1_66' title='bbox 1270 1143 1446 1200; x_wconf 86' lang='lat' dir='ltr'>etiam</span> 
     </span>
     <span class='ocr_line' id='line_1_12' title="bbox 59 1219 1446 1306; baseline -0.002 -22"><span class='ocrx_word' id='word_1_67' title='bbox 59 1221 321 1306; x_wconf 80' lang='lat' dir='ltr'>agendi.</span> <span class='ocrx_word' id='word_1_68' title='bbox 377 1219 568 1300; x_wconf 71' lang='lat' dir='ltr'>Quod</span> <span class='ocrx_word' id='word_1_69' title='bbox 619 1224 727 1280; x_wconf 87' lang='lat' dir='ltr'>nisi</span> <span class='ocrx_word' id='word_1_70' title='bbox 770 1239 859 1280; x_wconf 87' lang='lat' dir='ltr'>res</span> <span class='ocrx_word' id='word_1_71' title='bbox 916 1221 1158 1281; x_wconf 85' lang='lat' dir='ltr'>urbanas</span> <span class='ocrx_word' id='word_1_72' title='bbox 1209 1219 1446 1302; x_wconf 63' lang='lat' dir='ltr'>aRaque</span> 
     </span>
     <span class='ocr_line' id='line_1_13' title="bbox 63 1300 1453 1381; baseline -0.004 -17"><span class='ocrx_word' id='word_1_73' title='bbox 63 1304 289 1364; x_wconf 84' lang='lat' dir='ltr'>omnia</span> <span class='ocrx_word' id='word_1_74' title='bbox 316 1301 391 1362; x_wconf 87' lang='lat' dir='ltr'>ad</span> <span class='ocrx_word' id='word_1_75' title='bbox 427 1318 485 1362; x_wconf 87' lang='lat' dir='ltr'>te</span> <span class='ocrx_word' id='word_1_76' title='bbox 518 1302 760 1381; x_wconf 83' lang='lat' dir='ltr'>perferri</span> <span class='ocrx_word' id='word_1_77' title='bbox 790 1300 1088 1360; x_wconf 84' lang='lat' dir='ltr'>arbitrarer</span> <span class='ocrx_word' id='word_1_78' title='bbox 1107 1344 1128 1374; x_wconf 91' lang='lat'>‚</span> <span class='ocrx_word' id='word_1_79' title='bbox 1165 1300 1283 1381; x_wconf 86' lang='lat' dir='ltr'>ipse</span> <span class='ocrx_word' id='word_1_80' title='bbox 1315 1320 1453 1381; x_wconf 72' lang='lat' dir='ltr'>per-</span> 
     </span>
     <span class='ocr_line' id='line_1_14' title="bbox 63 1382 1455 1463; baseline -0.003 -19"><span class='ocrx_word' id='word_1_81' title='bbox 63 1382 433 1454; x_wconf 72' lang='lat' dir='ltr'>striberem3</span> <span class='ocrx_word' id='word_1_82' title='bbox 457 1401 805 1463; x_wconf 84' lang='lat' dir='ltr'>quamquam</span> <span class='ocrx_word' id='word_1_83' title='bbox 826 1400 983 1442; x_wconf 86' lang='lat' dir='ltr'>eram</span> <span class='ocrx_word' id='word_1_84' title='bbox 1000 1382 1260 1440; x_wconf 81' lang='lat' dir='ltr'>maximis</span> <span class='ocrx_word' id='word_1_85' title='bbox 1284 1401 1455 1441; x_wconf 56' lang='lat' dir='ltr'>occu*</span> 
     </span>
     <span class='ocr_line' id='line_1_15' title="bbox 71 1459 1454 1548; baseline 0 -25"><span class='ocrx_word' id='word_1_86' title='bbox 71 1487 119 1548; x_wconf 90' lang='lat' dir='ltr'>p</span> <span class='ocrx_word' id='word_1_87' title='bbox 190 1462 421 1524; x_wconf 84' lang='lat' dir='ltr'>&#39;onibus</span> <span class='ocrx_word' id='word_1_88' title='bbox 455 1461 794 1543; x_wconf 53' lang='lat' dir='ltr'>impeditus(</span> <span class='ocrx_word' id='word_1_89' title='bbox 838 1459 955 1524; x_wconf 90' lang='lat' dir='ltr'>Sed</span> <span class='ocrx_word' id='word_1_90' title='bbox 991 1460 1092 1520; x_wconf 88' lang='lat' dir='ltr'>illa</span> <span class='ocrx_word' id='word_1_91' title='bbox 1138 1461 1454 1543; x_wconf 85' lang='lat' dir='ltr'>cognosces</span> 
     </span>
     <span class='ocr_line' id='line_1_16' title="bbox 73 1540 1458 1623; baseline 0 -17"><span class='ocrx_word' id='word_1_92' title='bbox 73 1565 160 1606; x_wconf 85' lang='lat' dir='ltr'>ex</span> <span class='ocrx_word' id='word_1_93' title='bbox 245 1542 334 1602; x_wconf 85' lang='lat' dir='ltr'>liis</span> <span class='ocrx_word' id='word_1_94' title='bbox 351 1562 376 1617; x_wconf 63' lang='grc' dir='ltr'>»ς</span> <span class='ocrx_word' id='word_1_95' title='bbox 432 1562 465 1602; x_wconf 85' lang='lat' dir='ltr'>a</span> <span class='ocrx_word' id='word_1_96' title='bbox 505 1562 601 1602; x_wconf 88' lang='lat' dir='ltr'>me</span> <span class='ocrx_word' id='word_1_97' title='bbox 636 1562 817 1623; x_wconf 78' lang='lat' dir='ltr'>pauca</span> <span class='ocrx_word' id='word_1_98' title='bbox 839 1587 858 1616; x_wconf 92' lang='lat'>,</span> <span class='ocrx_word' id='word_1_99' title='bbox 900 1542 964 1603; x_wconf 87' lang='lat'>&amp;</span> <span class='ocrx_word' id='word_1_100' title='bbox 1002 1561 1074 1605; x_wconf 85' lang='lat' dir='ltr'>ea</span> <span class='ocrx_word' id='word_1_101' title='bbox 1112 1540 1458 1606; x_wconf 78' lang='lat' dir='ltr'>summatim-²</span> 
     </span>
     <span class='ocr_line' id='line_1_17' title="bbox 76 1620 1462 1695; baseline -0.002 -10"><span class='ocrx_word' id='word_1_102' title='bbox 76 1623 397 1685; x_wconf 75' lang='lat' dir='ltr'>Habemus</span> <span class='ocrx_word' id='word_1_103' title='bbox 427 1622 643 1690; x_wconf 79' lang='lat' dir='ltr'>fortem</span> <span class='ocrx_word' id='word_1_104' title='bbox 667 1623 959 1695; x_wconf 78' lang='lat' dir='ltr'>senatum3</span> <span class='ocrx_word' id='word_1_105' title='bbox 984 1620 1305 1689; x_wconf 86' lang='lat' dir='ltr'>consulares</span> <span class='ocrx_word' id='word_1_106' title='bbox 1374 1644 1462 1682; x_wconf 77' lang='lat' dir='ltr'>ar-</span> 
     </span>
     <span class='ocr_line' id='line_1_18' title="bbox 80 1701 1472 1784; baseline -0.001 -20"><span class='ocrx_word' id='word_1_107' title='bbox 80 1706 202 1767; x_wconf 86' lang='lat' dir='ltr'>tim</span> <span class='ocrx_word' id='word_1_108' title='bbox 234 1703 470 1763; x_wconf 83' lang='lat' dir='ltr'>timidos</span> <span class='ocrx_word' id='word_1_109' title='bbox 490 1747 509 1777; x_wconf 89' lang='lat'><strong>,</strong></span> <span class='ocrx_word' id='word_1_110' title='bbox 545 1705 752 1784; x_wconf 68' lang='lat' dir='ltr'>partim</span> <span class='ocrx_word' id='word_1_111' title='bbox 782 1702 936 1769; x_wconf 67' lang='lat' dir='ltr'>male</span> <span class='ocrx_word' id='word_1_112' title='bbox 957 1701 1284 1767; x_wconf 74' lang='lat' dir='ltr'>sentientes,</span> <span class='ocrx_word' id='word_1_113' title='bbox 1392 1724 1472 1766; x_wconf 61' lang='lat' dir='ltr'>aas·</span> 
     </span>
     <span class='ocr_line' id='line_1_19' title="bbox 131 1780 1456 1846; baseline 0 -1"><span class='ocrx_word' id='word_1_114' title='bbox 131 1805 281 1845; x_wconf 87' lang='lat' dir='ltr'>num</span> <span class='ocrx_word' id='word_1_115' title='bbox 325 1784 598 1846; x_wconf 82' lang='lat' dir='ltr'>damnum</span> <span class='ocrx_word' id='word_1_116' title='bbox 642 1783 851 1844; x_wconf 64' lang='lat' dir='ltr'>fastum</span> <span class='ocrx_word' id='word_1_117' title='bbox 875 1780 963 1843; x_wconf 86' lang='lat' dir='ltr'>est</span> <span class='ocrx_word' id='word_1_118' title='bbox 1002 1785 1077 1843; x_wconf 81' lang='lat' dir='ltr'>in.</span> <span class='ocrx_word' id='word_1_119' title='bbox 1103 1780 1334 1844; x_wconf 81' lang='lat' dir='ltr'>Servio.</span> <span class='ocrx_word' id='word_1_120' title='bbox 1384 1782 1456 1845; x_wconf 83' lang='lat' dir='ltr'>L.</span> 
     </span>
     <span class='ocr_line' id='line_1_20' title="bbox 154 1863 1461 1946; baseline 0 -21"><span class='ocrx_word' id='word_1_121' title='bbox 154 1865 297 1925; x_wconf 85' lang='lat' dir='ltr'>aesar</span> <span class='ocrx_word' id='word_1_122' title='bbox 332 1867 554 1946; x_wconf 68' lang='lat' dir='ltr'>optime</span> <span class='ocrx_word' id='word_1_123' title='bbox 585 1864 781 1925; x_wconf 86' lang='lat' dir='ltr'>sentit:</span> <span class='ocrx_word' id='word_1_124' title='bbox 828 1863 927 1923; x_wconf 92' lang='lat' dir='ltr'>sed</span> <span class='ocrx_word' id='word_1_125' title='bbox 952 1907 973 1936; x_wconf 90' lang='lat'>,</span> <span class='ocrx_word' id='word_1_126' title='bbox 1014 1863 1171 1944; x_wconf 73' lang='lat' dir='ltr'>qubd</span> <span class='ocrx_word' id='word_1_127' title='bbox 1207 1884 1461 1925; x_wconf 62' lang='lat' dir='ltr'>avuncu-</span> 
     </span>
     <span class='ocr_line' id='line_1_21' title="bbox 88 1942 1462 2020; baseline 0.001 -14"><span class='ocrx_word' id='word_1_128' title='bbox 88 1948 188 2008; x_wconf 88' lang='lat' dir='ltr'>lus</span> <span class='ocrx_word' id='word_1_129' title='bbox 242 1942 323 2006; x_wconf 90' lang='lat' dir='ltr'>est</span> <span class='ocrx_word' id='word_1_130' title='bbox 347 1991 367 2020; x_wconf 90' lang='lat'>‚</span> <span class='ocrx_word' id='word_1_131' title='bbox 429 1967 547 2005; x_wconf 89' lang='lat' dir='ltr'>non</span> <span class='ocrx_word' id='word_1_132' title='bbox 601 1947 901 2007; x_wconf 87' lang='lat' dir='ltr'>acerrimas</span> <span class='ocrx_word' id='word_1_133' title='bbox 945 1943 1081 2005; x_wconf 89' lang='lat' dir='ltr'>dicit</span> <span class='ocrx_word' id='word_1_134' title='bbox 1129 1942 1462 2007; x_wconf 78' lang='lat' dir='ltr'>sententias.</span> 
     </span>
     <span class='ocr_line' id='line_1_22' title="bbox 92 2022 1459 2108; baseline -0.004 -19"><span class='ocrx_word' id='word_1_135' title='bbox 92 2024 391 2089; x_wconf 80' lang='lat' dir='ltr'>Consules</span> <span class='ocrx_word' id='word_1_136' title='bbox 433 2028 685 2108; x_wconf 88' lang='lat' dir='ltr'>egregii:</span> <span class='ocrx_word' id='word_1_137' title='bbox 728 2024 1028 2106; x_wconf 78' lang='lat' dir='ltr'>praeclarus</span> <span class='ocrx_word' id='word_1_138' title='bbox 1078 2022 1161 2083; x_wconf 89' lang='lat' dir='ltr'>D.</span> <span class='ocrx_word' id='word_1_139' title='bbox 1203 2023 1407 2102; x_wconf 73' lang='lat' dir='ltr'>Brutus</span> <span class='ocrx_word' id='word_1_140' title='bbox 1440 2044 1459 2084; x_wconf 75' lang='lat' dir='ltr'><em>z</em></span> 
     </span>
     <span class='ocr_line' id='line_1_23' title="bbox 93 2104 1465 2189; baseline -0.001 -23"><span class='ocrx_word' id='word_1_141' title='bbox 93 2126 253 2189; x_wconf 89' lang='lat' dir='ltr'>puer</span> <span class='ocrx_word' id='word_1_142' title='bbox 288 2108 548 2188; x_wconf 85' lang='lat' dir='ltr'>egregius</span> <span class='ocrx_word' id='word_1_143' title='bbox 582 2104 810 2180; x_wconf 76' lang='lat' dir='ltr'>Caesar,</span> <span class='ocrx_word' id='word_1_144' title='bbox 847 2105 921 2166; x_wconf 91' lang='lat' dir='ltr'>de</span> <span class='ocrx_word' id='word_1_145' title='bbox 962 2124 1081 2185; x_wconf 89' lang='lat' dir='ltr'>quo</span> <span class='ocrx_word' id='word_1_146' title='bbox 1116 2104 1282 2185; x_wconf 88' lang='lat' dir='ltr'>spero</span> <span class='ocrx_word' id='word_1_147' title='bbox 1311 2107 1465 2187; x_wconf 87' lang='lat' dir='ltr'>equi·</span> 
     </span>
     <span class='ocr_line' id='line_1_24' title="bbox 96 2186 1463 2268; baseline 0.001 -22"><span class='ocrx_word' id='word_1_148' title='bbox 96 2189 248 2258; x_wconf 81' lang='lat' dir='ltr'>dem</span> <span class='ocrx_word' id='word_1_149' title='bbox 287 2188 521 2268; x_wconf 84' lang='lat' dir='ltr'>reliqua.</span> <span class='ocrx_word' id='word_1_150' title='bbox 577 2187 713 2251; x_wconf 67' lang='lat' dir='ltr'>Hos:</span> <span class='ocrx_word' id='word_1_151' title='bbox 758 2187 902 2252; x_wconf 71' lang='lat' dir='ltr'>verb</span> <span class='ocrx_word' id='word_1_152' title='bbox 937 2202 1163 2252; x_wconf 80' lang='lat' dir='ltr'>,certum</span> <span class='ocrx_word' id='word_1_153' title='bbox 1198 2186 1413 2247; x_wconf 82' lang='lat' dir='ltr'>habeto</span> <span class='ocrx_word' id='word_1_154' title='bbox 1431 2231 1463 2261; x_wconf 71' lang='lat'>,</span> 
     </span>
     <span class='ocr_line' id='line_1_25' title="bbox 94 2264 1466 2345; baseline -0.003 -17"><span class='ocrx_word' id='word_1_155' title='bbox 94 2269 224 2328; x_wconf 83' lang='lat' dir='ltr'>nisi</span> <span class='ocrx_word' id='word_1_156' title='bbox 252 2265 348 2326; x_wconf 88' lang='lat' dir='ltr'>ille</span> <span class='ocrx_word' id='word_1_157' title='bbox 372 2285 681 2328; x_wconf 83' lang='lat' dir='ltr'>veteranos</span> <span class='ocrx_word' id='word_1_158' title='bbox 723 2267 982 2325; x_wconf 84' lang='lat' dir='ltr'>celeriter</span> <span class='ocrx_word' id='word_1_159' title='bbox 1008 2264 1419 2345; x_wconf 77' lang='lat' dir='ltr'>conscripsisset</span> <span class='ocrx_word' id='word_1_160' title='bbox 1444 2310 1466 2339; x_wconf 92' lang='lat'><strong>,</strong></span> 
     </span>
     <span class='ocr_line' id='line_1_26' title="bbox 56 2345 1466 2430; baseline -0.002 -22"><span class='ocrx_word' id='word_1_161' title='bbox 56 2345 482 2430; x_wconf 47' lang='lat' dir='ltr'>*legionesque</span> <span class='ocrx_word' id='word_1_162' title='bbox 528 2348 654 2406; x_wconf 85' lang='lat' dir='ltr'>duae</span> <span class='ocrx_word' id='word_1_163' title='bbox 693 2346 765 2405; x_wconf 91' lang='lat' dir='ltr'>de</span> <span class='ocrx_word' id='word_1_164' title='bbox 809 2346 1063 2405; x_wconf 87' lang='lat' dir='ltr'>exercitu</span> <span class='ocrx_word' id='word_1_165' title='bbox 1106 2345 1349 2404; x_wconf 88' lang='lat' dir='ltr'>Antonii</span> <span class='ocrx_word' id='word_1_166' title='bbox 1390 2346 1466 2405; x_wconf 87' lang='lat' dir='ltr'>ad</span> 
     </span>
     <span class='ocr_line' id='line_1_27' title="bbox 105 2419 1470 2508; baseline -0.004 -17"><span class='ocrx_word' id='word_1_167' title='bbox 105 2428 236 2508; x_wconf 80' lang='lat' dir='ltr'>ejus</span> <span class='ocrx_word' id='word_1_168' title='bbox 280 2425 336 2487; x_wconf 92' lang='lat' dir='ltr'>se</span> <span class='ocrx_word' id='word_1_169' title='bbox 396 2426 789 2489; x_wconf 61' lang='lat' dir='ltr'>ausloritatem</span> <span class='ocrx_word' id='word_1_170' title='bbox 831 2419 1189 2483; x_wconf 84' lang='lat' dir='ltr'>contulissent</span> <span class='ocrx_word' id='word_1_171' title='bbox 1222 2468 1245 2495; x_wconf 91' lang='lat'>,</span> <span class='ocrx_word' id='word_1_172' title='bbox 1298 2442 1470 2503; x_wconf 85' lang='lat' dir='ltr'>atque</span> 
     </span>
     <span class='ocr_line' id='line_1_28' title="bbox 104 2501 1470 2587; baseline -0.004 -18"><span class='ocrx_word' id='word_1_173' title='bbox 104 2513 160 2569; x_wconf 82' lang='lat' dir='ltr'>is</span> <span class='ocrx_word' id='word_1_174' title='bbox 202 2510 504 2587; x_wconf 68' lang='lat' dir='ltr'>oppositus</span> <span class='ocrx_word' id='word_1_175' title='bbox 551 2504 688 2567; x_wconf 81' lang='lat' dir='ltr'>effet</span> <span class='ocrx_word' id='word_1_176' title='bbox 731 2525 917 2566; x_wconf 88' lang='lat' dir='ltr'>terror</span> <span class='ocrx_word' id='word_1_177' title='bbox 954 2501 1217 2562; x_wconf 86' lang='lat' dir='ltr'>Antonio</span> <span class='ocrx_word' id='word_1_178' title='bbox 1243 2547 1262 2577; x_wconf 89' lang='lat'><strong>,</strong></span> <span class='ocrx_word' id='word_1_179' title='bbox 1326 2505 1470 2564; x_wconf 83' lang='lat' dir='ltr'>nihil</span> 
     </span>
     <span class='ocr_line' id='line_1_29' title="bbox 111 2582 1476 2665; baseline -0.003 -15"><span class='ocrx_word' id='word_1_180' title='bbox 111 2589 444 2650; x_wconf 87' lang='lat' dir='ltr'>Antonium</span> <span class='ocrx_word' id='word_1_181' title='bbox 476 2586 699 2648; x_wconf 78' lang='lat' dir='ltr'>sceleris</span> <span class='ocrx_word' id='word_1_182' title='bbox 721 2631 742 2661; x_wconf 90' lang='lat'>,</span> <span class='ocrx_word' id='word_1_183' title='bbox 780 2585 923 2645; x_wconf 83' lang='lat' dir='ltr'>nihil</span> <span class='ocrx_word' id='word_1_184' title='bbox 957 2582 1476 2665; x_wconf 65' lang='lat' dir='ltr'>crudelitatis-pra-</span> 
     </span>
     <span class='ocr_line' id='line_1_30' title="bbox 111 2663 1473 2732; baseline -0.005 0"><span class='ocrx_word' id='word_1_185' title='bbox 111 2671 417 2732; x_wconf 83' lang='lat' dir='ltr'>teriturum</span> <span class='ocrx_word' id='word_1_186' title='bbox 451 2665 643 2728; x_wconf 79' lang='lat' dir='ltr'>fuisse.·</span> <span class='ocrx_word' id='word_1_187' title='bbox 670 2666 815 2726; x_wconf 75' lang='lat' dir='ltr'>Haec</span> <span class='ocrx_word' id='word_1_188' title='bbox 846 2665 951 2725; x_wconf 87' lang='lat' dir='ltr'>tibi</span> <span class='ocrx_word' id='word_1_189' title='bbox 986 2666 1096 2724; x_wconf 84' lang='lat' dir='ltr'>etsi</span> <span class='ocrx_word' id='word_1_190' title='bbox 1130 2663 1320 2724; x_wconf 89' lang='lat' dir='ltr'>audita</span> <span class='ocrx_word' id='word_1_191' title='bbox 1358 2663 1473 2725; x_wconf 83' lang='lat' dir='ltr'>esse</span> 
     </span>
     <span class='ocr_line' id='line_1_31' title="bbox 112 2741 1471 2820; baseline -0.003 -12"><span class='ocrx_word' id='word_1_192' title='bbox 112 2746 428 2809; x_wconf 80' lang='lat' dir='ltr'>arbitrabar</span> <span class='ocrx_word' id='word_1_193' title='bbox 444 2792 463 2820; x_wconf 93' lang='lat'><strong>,</strong></span> <span class='ocrx_word' id='word_1_194' title='bbox 485 2747 649 2807; x_wconf 85' lang='lat' dir='ltr'>volui</span> <span class='ocrx_word' id='word_1_195' title='bbox 672 2765 865 2806; x_wconf 86' lang='lat' dir='ltr'>tamen</span> <span class='ocrx_word' id='word_1_196' title='bbox 892 2747 1121 2805; x_wconf 87' lang='lat' dir='ltr'>notiora</span> <span class='ocrx_word' id='word_1_197' title='bbox 1150 2741 1281 2803; x_wconf 88' lang='lat' dir='ltr'>esse.</span> <span class='ocrx_word' id='word_1_198' title='bbox 1303 2741 1471 2816; x_wconf 69' lang='lat' dir='ltr'>Plura</span> 
     </span>
    </p>
   </div>
   <div class='ocr_carea' id='block_1_3' title="bbox 114 2823 1350 2910">
    <p class='ocr_par' dir='ltr' id='par_1_3' title="bbox 114 2823 1350 2910">
     <span class='ocr_line' id='line_1_32' title="bbox 114 2823 1350 2910; baseline -0.006 -19"><span class='ocrx_word' id='word_1_199' title='bbox 114 2828 359 2891; x_wconf 74' lang='lat' dir='ltr'>scribam</span> <span class='ocrx_word' id='word_1_200' title='bbox 378 2872 399 2902; x_wconf 93' lang='lat'><strong>‚</strong></span> <span class='ocrx_word' id='word_1_201' title='bbox 434 2829 482 2897; x_wconf 80' lang='lat' dir='ltr'>si</span> <span class='ocrx_word' id='word_1_202' title='bbox 519 2827 648 2910; x_wconf 82' lang='lat' dir='ltr'>plus</span> <span class='ocrx_word' id='word_1_203' title='bbox 689 2829 793 2889; x_wconf 79' lang='lat' dir='ltr'>otii</span> <span class='ocrx_word' id='word_1_204' title='bbox 827 2825 1108 2890; x_wconf 82' lang='lat' dir='ltr'>habuero.</span> <span class='ocrx_word' id='word_1_205' title='bbox 1146 2823 1318 2889; x_wconf 82' lang='lat' dir='ltr'>Vale.</span> <span class='ocrx_word' id='word_1_206' title='bbox 1347 2873 1350 2876; x_wconf 93' lang='lat'>.</span> 
     </span>
    </p>
   </div>
  </div>
 </body>
</html>
