2007 3620
484 298 697 386 ³248,
794 294 1544 366 Emsroranvu

474 410 732 475 „rebatur
766 413 920 472 enim
955 409 1184 484 fortuna
1223 408 1342 490 ipsa
1384 407 1699 471 debilitatae
1740 420 1873 490 graf-

476 492 593 557 ‚tiae
632 488 834 550 nostrae
858 537 883 565 ‚A
919 492 1001 550 tui
1036 493 1265 566 caritate
1292 535 1312 563 ,
1354 491 1417 550 ὃ(
1463 508 1601 564 meo
1646 508 1866 568 perpe·

480 585 603 648 *tuo
630 592 787 653 ferga
828 590 885 631 te
920 591 1121 642 amore
1155 614 1175 642 ,
1233 570 1391 631 culto
1428 592 1461 629 a
1501 585 1561 628 te
1605 568 1865 650 diligen-

498 650 736 711 tissime.
807 650 1027 712 Omnia
1083 649 1351 731 promiss'a
1386 697 1406 725 ‚
1462 646 1813 709 confirmata
1844 695 1866 724 ,

502 747 658 791 certa
697 732 760 792 &
795 751 915 792 rata
946 731 1115 805 sunt,
1155 753 1282 811 quae
1315 731 1388 790 ad
1419 730 1674 791 reditum
1709 730 1774 789 &
1798 730 1866 802 ad

477 810 735 880 ‚salutem
774 828 933 872 tuam
976 815 1296 892 pertinent:
1338 811 1505 884 vidi,
1548 814 1815 893 cognovi
1843 856 1863 884 ‚

496 890 749 951 interfui.
783 891 1016 952 Etenim
1046 912 1249 953 omnes
1288 888 1527 952 Caesaris
1552 888 1864 951 familiares

472 967 627 1038 ‘satis
663 995 743 1053 op
788 964 995 1034 ortune
1031 973 1220 1032 habeo
1253 973 1582 1052 implicatos
1622 971 1863 1032 consue-

496 1053 697 1113 tudine
830 1053 1242 1114 benevolentia
1262 1097 1281 1125 ‚
1314 1056 1395 1112 sic
1429 1068 1493 1112 ut
1518 1096 1536 1125 ‚
1574 1072 1763 1132 quum
1794 1053 1859 1114 ab

496 1132 599 1192 illo
647 1131 990 1212 discesserint
1014 1179 1035 1207 ‚
1083 1154 1178 1193 me
1218 1133 1467 1192 habeant
1505 1135 1859 1211 proximum.

478 1212 634 1294 ¹Hoc
682 1212 858 1274 Pansa
889 1259 909 1289 ‚
964 1214 1184 1273 Hirtius
1205 1259 1225 1287 ‚
1270 1211 1481 1273 Balbus
1508 1257 1529 1285 ‚
1566 1209 1807 1294 Oppius
1835 1258 1852 1285 ‚

496 1287 715 1355 Matius
739 1341 763 1369 ,
805 1292 1122 1355 Postumius
1204 1293 1332 1353 lane
1369 1297 1447 1354 ita
1485 1290 1708 1356 faciunt
1731 1339 1749 1367 ‚
1799 1311 1854 1353 ut

474 1394 593 1442 ,me
631 1374 798 1436 unice
839 1376 933 1435 dil·
979 1387 1096 1435 ant.
1146 1317 1338 1453 &uod
1368 1377 1415 1436 si
1451 1373 1594 1433 mihi
1627 1394 1739 1454 per
1769 1394 1850 1433 me

498 1453 866 1515 efficiendum
941 1452 1103 1513 uisset
1150 1500 1173 1526 ,
1228 1476 1350 1516 non
1399 1474 1494 1513 me
1541 1457 1851 1534 poeniteret

472 1531 479 1541 '
540 1556 604 1593 ro
644 1539 863 1594 ratione
906 1551 1242 1615 temporum
1279 1539 1360 1595 ita
1413 1532 1524 1595 esse
1571 1534 1849 1604 molitum.

492 1555 612 1674 §ed
668 1615 807 1674 nihil
857 1612 938 1675 est
975 1638 1011 1674 a
1048 1635 1143 1675 me
1189 1615 1522 1676 inservitum
1575 1618 1848 1695 temporis

495 1694 717 1754 causa:
765 1713 992 1756 veteres
1036 1696 1175 1754 mihi
1218 1694 1675 1757 necessitudines
1728 1715 1848 1756 cum

493 1775 581 1836 his
622 1778 890 1838 omnibus
928 1776 1289 1838 intercedunt
1322 1822 1341 1851 ,
1376 1775 1718 1856 quibuscum
1746 1795 1847 1867 ege)

470 1859 667 1938 {agere
707 1857 778 1917 de
811 1874 868 1917 te
904 1878 1025 1918 non
1068 1855 1270 1918 destiti.
1302 1855 1632 1936 Principem
1663 1862 1850 1917 tarn'er't

486 1936 794 1997 'habuimus
844 1936 1083 1998 Pansam
1116 1984 1137 2013 ‚
1194 1941 1277 1999 tui
1324 1936 1803 1998 studiosissimum
1831 1982 1851 2012 ‚

492 2020 614 2076 mei
672 2018 943 2097 cupidum
987 2064 1007 2091 ‚
1074 2019 1172 2098 qui
1226 2019 1447 2080 valeret
1498 2019 1653 2099 apud
1694 2020 1848 2079 illum

470 2117 618 2158 non
648 2100 834 2157 minus
864 2097 1227 2172 aussoritatffi
1257 2099 1430 2178 quam
1460 2098 1665 2180 gratia.
1697 2096 1850 2159 Cim-

491 2177 601 2237 ber
654 2196 847 2238 autem
906 2177 1113 2238 Tillius
1169 2180 1310 2238 mihi
1399 2181 1526 2239 lane
1569 2177 1847 2239 satisfecit.

493 2256 711 2319 Valent
759 2274 955 2318 tamen
1014 2259 1166 2338 apud
1227 2258 1332 2321 Cae
1358 2279 1516 2318 arem
1566 2280 1690 2318 non
1737 2277 1846 2319 tam

468 2338 810 2421 ‚ambitiosae
852 2341 1227 2420 rogationes,
1275 2339 1449 2419 quam
1493 2336 1844 2411 necessat-iffi

490 2441 666 2499 quarn
698 2422 830 2502 quia
856 2417 1097 2480 Cimber
1136 2419 1381 2480 habebat
1407 2464 1427 2494 ‚
1462 2418 1592 2499 plus
1625 2420 1806 2481 valuit
1825 2464 1843 2492 ‚

470 2492 668 2581 squam
711 2522 817 2580 pro
855 2500 974 2560 ullo
1013 2502 1127 2560 alio
1166 2501 1360 2561 valere
1397 2496 1695 2579 potuisset.
1738 2498 1843 2558 Di-

489 2581 693 2661 ploma
733 2579 917 2639 statim
955 2601 1076 2640 non
1119 2580 1199 2642 est
1241 2581 1437 2640 datum
1468 2625 1488 2653 ,
1542 2580 1709 2660 quod
1742 2580 1841 2639 mi·-

472 2660 651 2739 Ltifica
686 2658 766 2721 est
815 2661 1150 2741 improbitas
1195 2664 1254 2724 in
1296 2658 1634 2741 quibusdam
1679 2706 1698 2734 ‚
1754 2661 1835 2740 qui

478 2739 738 2805 ‚tulissent
782 2743 1041 2801 acerbius
1081 2744 1310 2802 veniam
1340 2742 1446 2800 tibi
1486 2739 1647 2813 dari,
1676 2758 1832 2820 quem

470 2823 571 2897 ,illi
601 2822 896 2905 appellant
920 2824 1104 2883 tubam
1138 2824 1269 2885 belli
1300 2822 1485 2886 civilis
1509 2841 1524 2880 ε
1553 2820 1838 2901 multaque
