2007 3620
362 252 500 319 AD
530 244 978 323 Famam.
1010 241 1300 325 L13.'V.
1359 272 1513 350 215

123 383 461 428 canatum:
502 365 736 425 videtur
775 367 949 425 enim⁴
972 368 1116 428 mihi
1153 387 1242 429 res
1280 373 1340 430 in
1379 393 1524 450 pro-

125 451 439 529 pinquum
487 443 731 505 adduQa
767 446 1085 507 discrimen.
1126 447 1274 509 Puto
1318 467 1510 512 autem

127 527 275 588 mea
343 524 607 586 nonnihil
652 525 937 588 interesse·
977 526 1005 608 (
1056 526 1400 610 quamquam
1455 531 1517 590 id

129 607 337 688 ipsum
360 651 379 680 ‚
418 606 559 685 quid
584 607 806 667 intersit
830 652 848 680 ‚
881 626 1003 667 non
1036 607 1167 668 sane
1199 610 1514 696 intelligo)

132 689 559 748 verumtamen
578 729 623 760 2,
655 685 958 768 'quidquid
976 686 1152 749 {illinc
1194 694 1533 754 nuntiatum‘

132 772 210 828 sit
249 812 271 842 ‚
347 788 472 827 non
522 766 695 848 longe
739 766 924 829 abesse
968 767 1149 829 velim
1194 792 1227 831 a
1267 773 1522 832 consiliis

135 851 500 908 amicommz
540 844 633 906 Est
675 851 833 908 enim
872 868 961 909 res
996 846 1115 928 jam
1153 852 1211 910 in
1256 871 1393 912 eum
1430 852 1522 912 lo·

133 950 283 990 cum
333 925 579 987 adduua
595 971 618 999 ,
663 943 727 987 ut
757 947 1107 1011 quamquam
1139 932 1385 992 multum
1418 934 1523 991 in-

132 1010 325 1070 tersit
353 1009 507 1068 inter
540 1028 745 1069 eorum
783 1008 1018 1083 causas,
1066 1013 1164 1093 qui
1198 1012 1473 1072 dimicant
1495 1056 1519 1087 ,

134 1106 355 1150 tamen
399 1092 562 1148 inter.
585 1088 852 1149 vistorias
891 1111 1013 1149 non
1058 1091 1301 1150 multum
1341 1095 1520 1152 inter·-

136 1170 419 1230 futurum
500 1185 679 1229 utem'.
714 1168 832 1230 Sed
918 1169 1048 1230 lane
1091 1171 1312 1232 animus'
1348 1217 1369 1246 ,
1462 1175 1522 1231 ui

135 1251 348 1312 dubiis
368 1270 411 1308 ,τ
488 1270 554 1307 us
595 1249 834 1310 forsita-n
884 1254 1030 1314 uerit
1067 1249 1385 1326 infirmior,
1418 1191 1462 1311 ἕ

135 1331 399 1412 speratis
456 1328 827 1401 confirmatus
880 1329 961 1390 est
1011 1332 1253 1392 multum
1291 1352 1312 1406 3
1348 1352 1527 1414 quem

131 1414 334 1473 etiam
362 1429 477 1472 tuae
504 1409 563 1469 su
608 1414 823 1472 eriores
855 1410 1053 1473 litterae
1079 1411 1524 1487 confirmarunt,

179 1493 369 1553 uibus
442 1432 699 1552 inteflexi
755 1490 931 1573 quem
985 1491 1211 1554 fortiter
1259 1492 1528 1572 injuriam

162 1593 340 1635 erres
369 1591 391 1644 ;
431 1568 691 1653 juvitque
728 1593 824 1631 me
852 1615 872 1646 ‚
897 1573 1005 1632 tibi
1041 1594 1221 1654 quum
1250 1574 1532 1634 summam

135 1653 589 1718 humanitatem
630 1696 651 1726 ‚
694 1697 705 1718 .,
722 1668 848 1712 tum
905 1656 1081 1712 etiam
1140 1671 1264 1714 tuas
1314 1654 1532 1713 litteras

138 1730 466 1817 profuisse.
541 1732 766 1794 Verum
816 1735 975 1792 enim
1020 1730 1260 1793 scribam
1289 1778 1308 1807 ‚
1359 1747 1537 1792 tene-

140 1815 509 1889 riore‘snihi
552 1814 1060 1879 animovidebate
1084 1859 1103 1887 ‚
1144 1816 1290 1874 sicut
1327 1835 1535 1875 omnes
1570 1818 1575 1822 ’

143 1896 289 1957 fere
318 1940 339 1968 ,
396 1896 496 1975 qui
532 1895 654 1955 vitii
696 1894 948 1976 ingenua
990 1896 1049 1954 in
1092 1895 1538 1956 beata-civitate

151 1978 230 2036 &
284 1978 346 2034 in
389 1976 570 2045 libeta
604 1977 872 2035 viximus.
913 1973 1030 2034 Sed
1062 1993 1124 2036 ut
1159 1975 1253 2036 illa
1292 1975 1537 2037 secunda

154 2056 483 2119 moderate
540 2057 772 2115 tulir‘nus
797 2101 815 2129 ‚
865 2057 944 2116 sic
989 2056 1140 2114 hanc
1183 2076 1304 2115 non
1350 2055 1537 2134 solum

160 2134 480 2198 adversam
502 2180 523 2210 ,
549 2135 927 2196 sed‘funditus
958 2135 1219 2197 eversam
1244 2135 1536 2197 fortunam

166 2218 411 2277 fortiter
448 2215 596 2278 ferre
637 2216 958 2289 debemu53
993 2235 1057 2277 ut
1099 2217 1212 2276 hoc
1252 2215 1448 2276 saltem
1478 2219 1541 2275 in

176 2297 450 2358 maximis
513 2294 677 2356 malis
738 2297 881 2357 boni
945 2294 1358 2375 consequamur
1402 2338 1423 2366 ‚
1478 2313 1545 2354 ut

174 2393 442 2440 mortem
478 2421 496 2450 ‚
547 2397 720 2459 quam
761 2377 937 2436 etiam
976 2374 1131 2434 beati
1168 2390 1545 2433 contemnere

178 2461 502 2522 debeamus
539 2502 560 2532 ‚
603 2474 913 2538 propterea
951 2454 1112 2535 quod
1150 2453 1372 2514 nullum
1407 2452 1547 2514 sen-

184 2541 305 2601 sum
345 2537 487 2600 esset
518 2538 816 2612 habitura,
856 2557 1010 2596 nunc
1051 2537 1131 2595 sic
1168 2532 1351 2596 affeffi
1372 2579 1391 2607 ‚
1421 2554 1546 2594 non

185 2622 367 2684 modo
407 2636 789 2681 contemnere
831 2617 1145 2679 debeamus
1174 2662 1195 2692 ,
1235 2615 1333 2675 sed
1370 2617 1546 2674 etiam

192 2723 406 2785 optare.
461 2699 559 2759 Tu
596 2743 617 2773 ‚
669 2701 718 2760 si
770 2716 866 2758 me
916 2698 1102 2780 diligis
1127 2740 1146 2769 ‚
1199 2695 1387 2756 fruere
1442 2693 1555 2754 isto

198 2788 302 2852 otio
330 2832 353 2864 ,
420 2781 651 2864 tibique
696 2776 973 2864 persuade
1011 2823 1032 2854 ,
1077 2792 1284 2861 ptaeter
1321 2773 1553 2859 culpam
