2007 3620
241 276 371 347 AD
388 274 826 343 FAMILIAR.
847 270 1022 339 Lm.
1050 267 1236 338 VIII.
1296 287 1334 363 3
1352 289 1385 359 3
1404 287 1439 338 ι

112 390 261 451 sctibi
284 433 305 464 ‚
357 388 419 449 &
458 387 529 448 de
572 409 643 448 ea
681 407 745 447 re
786 384 859 445 ad
895 384 1152 444 senatum
1188 425 1209 456 ‚
1252 399 1451 461 popu-

110 472 326 553 lumque
365 468 582 529 referri.
641 470 796 529 Huic
827 463 1301 545 senatusconfitlto
1350 467 1468 520 ἑτι--

111 556 330 612 mcesst't
369 558 430 610 C.
474 552 677 609 Coelt'us
703 589 722 619 ,
764 551 833 607 L.
868 548 1119 610 Vinicius
1141 586 1161 613 ,
1204 544 1277 601 P.
1316 543 1460 601 Cor-

110 636 301 705 nelius,
341 634 405 691 C.
441 631 637 690 Vehius'
662 627 870 708 Panfh.
911 624 1061 685 Item
1091 623 1307 683 senatui
1323 622 1455 701 'pla-

111 732 223 773 cere
262 758 278 785 ‚
337 711 412 771 de
464 711 734 770 militibus
767 753 786 781 ,
838 710 936 788 qui
975 709 1035 765 in
1076 706 1328 764 exercitu
1371 699 1458 762 <34

113 791 329 853 Caesaris
365 791 530 863 sunt3
574 793 673 872 qui
703 793 907 851 eorum
952 785 1231 867 stipendia
1274 802 1458 843 eme-⁷

112 876 200 933 rita
227 919 243 946 ‚
295 893 388 933 aut
422 870 613 931 causas
647 916 668 942 ,
726 871 926 951 quibus
965 868 1040 927 de
1070 868 1251 926 causis
1292 863 1456 922 missi

111 950 217 1013 fieri
245 953 493 1014 debeant
517 995 535 1024 ‚
571 952 820 1011 habeant
840 991 859 1021 ‚
896 948 970 1007 ad
1000 950 1149 1007 hunc
1179 944 1449 1006 ordinem

113 1033 284 1094 referri
309 1077 328 1107 ,
376 1050 443 1093 ut
490 1052 699 1093 eorum
738 1034 882 1090 ratio
930 1028 1211 1088 habeatur
1239 1072 1257 1098 ‚
1310 1046 1462 1084 cau-2

115 1112 276 1196 saeque
322 1115 755 1197 cognoscantur.
805 1109 865 1169 Si
908 1109 1036 1188 quis
1082 1109 1210 1167 huic
1257 1105 1315 1166 S.
1371 1102 1456 1165 C.-

113 1195 452 1268 intercefferit
473 1240 492 1267 ‚
539 1193 754 1253 senatui
784 1192 1009 1270 placere
1052 1187 1454 1247 aussoritatem

117 1276 392 1353 perscribi,
443 1277 511 1335 δι
546 1274 619 1334 de
655 1294 725 1333 ea
764 1291 827 1331 re
865 1272 937 1329 ad
981 1269 1284 1340 senatum,
1335 1287 1450 1347 po·

115 1356 395 1437 pulumque
425 1354 646 1416 referri.
683 1357 836 1413 Huic
858 1349 1331 1431 finamstonsulto
1363 1349 1454 1405 in-

117 1442 326 1498 tercessit
389 1441 449 1499 C.
508 1437 709 1495 Loelius
744 1478 764 1507 ‚
821 1443 880 1492 ί.
931 1431 1123 1509 Pansa
1167 1474 1190 1501 ‚
1248 1425 1457 1487 tribuni

113 1517 282 1593 plebis.
326 1516 596 1597 Itemque
638 1514 855 1576 senatui
898 1512 1128 1592 placere
1150 1553 1174 1584 ‚
1203 1512 1263 1568 in
1302 1505 1456 1567 Cili-

119 1598 244 1655 ciam
288 1599 652 1679 provinciam
692 1642 711 1670 ‚
771 1596 834 1653 &
895 1597 953 1651 in
1013 1590 1147 1651 osto
1204 1590 1456 1669 reliquas

119 1682 405 1755 provincias
434 1725 455 1754 ,
530 1698 675 1758 quas
736 1672 986 1754 praetorii
1043 1689 1149 1750 pro
1206 1686 1455 1749 praetore

118 1758 408 1821 obtinerent
432 1806 450 1830 ‚
510 1778 655 1830 θος,
704 1758 799 1835 qui
844 1769 1119 1835 praetores
1156 1750 1387 1809 fuerunt
1428 1789 1455 1821 ,

119 1857 278 1922 neque
313 1846 369 1900 in
402 1839 712 1922 provincia
739 1857 876 1897 cum
910 1837 1152 1912 imperio
1180 1830 1409 1890 fuerunt
1429 1870 1449 1901 ,

122 1938 244 1998 quos
297 1942 502 1983 eorum
553 1940 627 1980 ex
687 1917 751 1977 S.
794 1915 870 1977 C.
921 1932 1057 1973 cum
1094 1914 1338 1993 imperio
1390 1911 1453 1968 in·

126 2004 416 2076 provincias
457 2022 573 2084 pro
615 2017 859 2080 praetore
903 2000 1051 2055 mitti
1095 2009 1394 2074 oporteret
1429 2034 1455 2066 ‚

127 2097 212 2140 eos
258 2082 442 2143 sortitb
501 2086 566 2142 in
615 2080 942 2160 provincias
990 2079 1137 2136 mitti
1204 2074 1455 2155 placere.

128 2157 178 2217 Si
209 2182 270 2221 ex
310 2185 380 2224 eo
414 2181 660 2223 numero
682 2205 701 2233 ‚
732 2180 878 2240 quos
916 2177 989 2217 ex
1023 2155 1080 2216 S.
1108 2153 1188 2215 C.
1217 2161 1278 2214 in
1309 2175 1454 2234 pro-

127 2241 313 2303 vincias
346 2248 426 2304 ire
473 2257 821 2323 oporteret,
869 2239 943 2297 ad
981 2250 1285 2296 numerum
1330 2255 1454 2293 non

126 2318 324 2398 effenf,
368 2329 468 2406 qui
510 2328 568 2383 in
618 2343 719 2382 eas
754 2321 1083 2400 provincias
1128 2314 1458 2395 proficisce-

126 2417 334 2464 rentur:
374 2424 498 2466 tum
536 2405 619 2463 uti
663 2401 935 2482 quodque
976 2397 1289 2476 collegium
1338 2395 1462 2472 pri-

123 2481 263 2542 ’πιιιω
291 2484 603 2565 praetbrum
628 2479 813 2542 fuiffet
835 2524 854 2551 ,
896 2494 1086 2558 neque
1118 2479 1174 2534 in
1210 2475 1461 2555 provin-

126 2562 222 2621 cias
250 2566 485 2645 profeffi
531 2563 710 2624 effent
742 2608 760 2636 ‚
799 2563 880 2620 ita
916 2558 1064 2618 sorte
1100 2559 1161 2615 in
1203 2558 1458 2636 provin-

121 2642 221 2703 cias
261 2646 762 2726 proficiscerentur.
816 2642 876 2702 Si
928 2642 967 2699 ii
1020 2639 1093 2699 ad
1150 2654 1463 2698 numerum.

126 2740 230 2807 31011
276 2726 451 2787 essent
487 2770 508 2799 ,
561 2743 695 2785 tunc
740 2724 1015 2802 deinceps
1060 2721 1305 2800 proximi
1352 2736 1462 2774 cu—

121 2802 296 2887 jusqu‘e
345 2807 627 2889 collegii,
678 2808 776 2887 qui
833 2817 1118 2884 praetores·
1166 2795 1397 2859 fuiffem
1433 2834 1460 2870 ,
