2007 3620
322 331 1024 403 Ant-'Amnum
1050 336 1223 404 Lm.
1250 334 1347 408 ΙΙ.
1422 338 1472 410 6
1473 352 1525 435 Σ

226 470 335 545 M.
408 469 489 538 T.
551 473 630 539 C.
697 473 876 537 ῙΜΡ.
939 475 1034 540 Μ.
1095 474 1388 540 Cano
1430 524 1453 555 ‚

363 577 638 638 :Enna
695 594 1061 651 cunum,
1110 575 1171 638 S.
1233 575 1344 638 D..

127 705 713 777 'APPROHNQUANTE
746 707 937 777 disceffu
967 727 1029 760 ex
1090 676 1337 770 maincia,
1371 710 1530 764 urbem

211 784 463 835 desiderat
482 816 497 841 ,
535 782 663 846 cujus
687 779 865 849 five-‘tus
892 781 1266 851 provincialibus
1294 784 1522 852 prefert:

219 857 284 979 g
335 854 659 996 ἓόνὶζίἒοείῦἰ
694 855 880 906 litteras
925 856 1053 906 mitti
1094 856 1322 925 postulat.
1371 858 1522 910 Anne

144 1022 847 1153 12.-·Sor.1.1c1·rus
908 1092 1180 1173 equidem
1229 1113 1388 1157 eram
1445 1095 1522 1159 de

137 1172 321 1234 rebus
359 1172 627 1246 urbanis;
653 1174 731 1233 ita'
760 1173 1122 1234 tumultuosae
1153 1178 1469 1247 ⁴conciones
1494 1222 1515 1251 ,

138 1252 225 1312 ita
296 1250 554 1313 molestae
619 1252 1016 1333 Quinquatrfis
1076 1253 1454 1317 afferebantur
1496 1276 1512 1316 ε

141 1352 288 1393 nam
330 1335 603 1393 citeriora
655 1334 916 1392 nondum
958 1333 1346 1396 audiebamus.
1400 1337 1519 1398 Sed

143 1429 348 1474 tamen
387 1412 528 1473 nihil
564 1432 659 1474 me
699 1416 881 1495 magis
922 1413 1258 1477 sollicitabat
1277 1461 1297 1490 ,
1336 1416 1512 1496 quam

146 1494 209 1552 in
253 1493 340 1554 his
381 1490 655 1553 molestiis
690 1514 809 1553 non
851 1515 989 1568 me,
1035 1497 1083 1554 si
1114 1515 1241 1576 quae
1270 1497 1512 1558 ridenda

144 1571 332 1634 ess'eut
360 1617 382 1647 ,
428 1573 614 1634 ridere
647 1572 879 1649 tecum:
925 1572 1052 1647 sunt
1089 1579 1245 1636 enim
1280 1578 1459 1637 multa
1492 1598 1514 1651 ;

152 1651 257 1713 sed
294 1673 366 1713 ea
404 1672 518 1712 non
569 1654 760 1714 audeo
793 1652 1054 1715 scribere.
1085 1655 1237 1715 Illud
1269 1657 1511 1719 moleste

147 1730 283 1794 fero
303 1778 324 1808 ,
368 1732 504 1793 nihil
536 1754 633 1794 me
664 1733 849 1794 adhuc
878 1734 965 1793 his
1000 1735 1074 1794 de
1102 1735 1271 1796 rebus
1296 1734 1511 1807 habere

141 1831 382 1876 ,tuarum
425 1815 758 1876 litterarum.
797 1812 1003 1894 Quare
1040 1818 1191 1890 etsi,
1239 1835 1419 1898 quum
1446 1834 1511 1880 tu

151 1894 275 1956 haec
314 1897 477 1978 leges
495 1940 516 1970 ,
554 1915 667 1977 ego
697 1895 814 1975 jam
843 1916 1092 1955 annuum
1128 1917 1336 1959 munus
1366 1920 1513 1959 con-

149 1973 346 2037 fecero
385 2014 406 2049 5
471 1994 667 2036 tamen
731 1976 921 2037 obviae
973 1977 1115 2036 mihi
1164 1977 1344 2040 velim
1396 1980 1511 2040 sint

146 2054 350 2118 litterae
393 2072 507 2116 tuae
533 2100 553 2129 ‚
655 2078 743 2115 uae
789 2076 884 2117 me
934 2058 1196 2119 erudiant
1231 2058 1306 2119 de
1347 2063 1510 2121 omni

148 2138 443 2218 republica
467 2181 486 2210 ‚
523 2156 596 2195 ne
678 2135 844 2217 ospes
878 2137 1048 2216 plane
1088 2141 1358 2198 veniam:
1393 2139 1511 2201 hoc

149 2218 359 2278 melihs
393 2260 415 2290 ‚
459 2215 632 2297 quam
666 2236 727 2278 tu
754 2263 781 2296 A,
832 2217 1023 2277 facere
1066 2239 1242 2279 nemo
1293 2218 1522 2301 potest.-

151 2295 458 2378 Diogenes
500 2314 630 2357 tuus
653 2341 674 2371 ‚
708 2297 890 2357 homo
932 2297 1224 2358 modestus
1266 2343 1286 2371 ‚
1339 2321 1373 2358 a
1408 2320 1507 2361 me

145 2399 286 2438 cum
316 2375 552 2438 Philone
582 2375 914 2437 Pessinunte
950 2377 1236 2437 discessit:
1269 2381 1378 2438 iter
1404 2379 1510 2437 ha·

144 2459 367 2521 bebant
406 2458 480 2516 ad
516 2457 833 2518 Lathurum
868 2476 1110 2538 regem3
1155 2475 1505 2540 quamquam

132 2542 346 2601 omnia
391 2557 503 2598 nec
528 2535 826 2677 ²beniffi1a,
864 2558 975 2597 nec
1014 2535 1246 2618 copiosa
1282 2560 1511 2620 cogno-

143 2638 291 2682 rant.
324 2619 557 2680 Urbem
577 2662 597 2692 ‚
628 2640 695 2678 ur
740 2640 835 2679 em
855 2665 874 2694 ‚
906 2621 986 2678 mi
1018 2618 1170 2679 Rufe
1190 2664 1209 2692 ,
1242 2621 1410 2691 cole3
1438 2620 1506 2680 &

144 2703 207 2763 in
266 2699 366 2762 ista
425 2700 555 2770 luce
620 2701 781 2762 vive.
843 2699 1056 2761 Omnis
1117 2719 1255 2779 pere
1299 2701 1509 2761 rinatio

145 2780 174 2862 (
302 2781 384 2843 od
443 2800 561 2863 ego
621 2781 694 2839 ab
753 2780 1139 2842 adolescentia
1186 2777 1245 2856 ju
1287 2780 1436 2836 icavi

147 2862 222 2926 ob
246 2884 379 2927 eura
412 2907 436 2939 ,
494 2860 563 2924 &
604 2859 830 2924 sordida
866 2863 935 2930 iis
961 2906 981 2937 ‚
1020 2879 1268 2943 quorum
1310 2859 1371 2918 in
1473 2891 1515 2938 2¹·
