2007 3620
405 318 450 390 8
709 319 1457 388 Eptsrozanvm

404 429 487 494 est
525 431 697 494 variis
739 432 1036 496 calumniis
1078 456 1094 494 ε
1154 434 1376 494 causam
1428 430 1586 492 enim
1633 427 1774 493 fre-i

404 516 607 594 quenti
647 503 847 575 senatu'
868 559 887 588 ‚
935 517 995 574 in
1029 535 1239 597 magna
1274 515 1587 587 varietate,
1628 533 1764 572 ma·

403 614 634 676 gnaque
671 594 891 656 invidia
926 615 1169 668 eorum,
1228 598 1325 676 qui
1360 616 1394 653 a
1429 612 1488 654 te
1538 591 1768 653 causam

404 678 624 757 regiam
662 676 777 734 alio
824 674 1291 749 transferebant,
1339 674 1768 735 obtinebamus.

400 752 499 821 ,Eo
529 755 621 816 die
653 755 923 817 acerbum
951 756 1258 816 habuimus
1276 753 1634 826 Curionem3
1672 753 1769 814 Bi-

405 833 610 895 bulum
644 836 828 895 multb
867 833 1157 915 justiorem
1180 881 1200 910 ,
1236 837 1388 918 pene
1423 837 1598 896 etiam
1624 837 1769 897 ami-

410 935 564 976 cum.
609 913 887 977 Caninius
910 962 930 990 ‚
972 917 1037 977 &
1073 915 1227 976 Cato
1263 933 1550 998 negarunt
1580 913 1637 976 se
1668 915 1769 975 le-

408 1015 546 1077 gem
583 997 765 1056 ullam
803 1014 933 1058 ante
972 999 1210 1057 comitia
1244 995 1356 1058 esse
1394 996 1626 1056 laturosa
1658 995 1767 1056 Se·

410 1093 578 1135 natus
606 1077 812 1157 ¹haberi
836 1095 968 1138 ante
999 1077 1273 1137 kalendas
1303 1077 1638 1137 Februarias
1662 1096 1774 1156 per

406 1155 605 1238 legem
631 1156 870 1238 Pupiam
889 1204 908 1231 ‚
940 1157 1002 1218 id
1028 1158 1188 1239 quod
1218 1157 1324 1218 scis·
1342 1203 1363 1232 ‚
1387 1180 1511 1217 non
1539 1154 1772 1238 potest3

402 1254 486 1301 *ner
529 1258 602 1298 ue
645 1237 840 1299 mense
880 1237 1191 1299 Februario
1227 1256 1357 1299 toto
1402 1280 1423 1312 ‚
1477 1240 1589 1298 nisi
1625 1257 1774 1318 per-

411 1315 470 1377 fe
530 1319 574 1378 's
597 1363 618 1393 ‚
657 1335 755 1380 aut
788 1317 1016 1398 rejeffis
1052 1319 1454 1402 legationibus.
1489 1318 1633 1379 Haec
1670 1334 1776 1378 ta·-

413 1417 553 1458 men
599 1402 802 1482 opinio
854 1399 935 1460 est
979 1401 1182 1480 populi
1225 1398 1531 1473 Romani,
1578 1421 1612 1458 a
1659 1400 1773 1459 tuis

412 1479 663 1554 invidis,
702 1478 895 1561 atque
916 1479 1395 1540 obtreRatoribus
1431 1498 1652 1539 nomen
1687 1480 1775 1538 in»-

413 1559 648 1619 dustum
703 1559 847 1619 fiaae
894 1559 1188 1641 religionis
1206 1604 1226 1633 ,
1279 1581 1401 1620 non
1444 1575 1565 1618 tam
1607 1575 1671 1618 ut
1710 1578 1772 1621 te

416 1639 770 1719 impedirent
817 1685 836 1714 ‚
897 1639 1073 1721 quam
1115 1657 1196 1703 utv
1227 1660 1302 1701 ne
1335 1642 1482 1720 “quis
1532 1656 1778 1720 propter

419 1719 699 1780 exercitus
738 1721 1113 1801 cupiditatem
1147 1718 1561 1780 Alexandriam
1592 1721 1778 1782 vellet
1851 1760 1858 1761 ἡ

416 1801 520 1861 ire.
560 1799 872 1884 Dignitatis
913 1821 1107 1861 autem
1145 1817 1257 1860 tuae
1300 1821 1479 1861 nemo
1519 1797 1606 1876 est
1632 1804 1774 1883 quin

416 1881 702 1942 existimet
732 1880 982 1940 habitam
1011 1878 1122 1941 effe
1151 1884 1435 1942 rationem
1458 1881 1534 1941 ab*
1557 1879 1778 1944 senatu.

396 1959 623 2030 ‚Nemo
655 1963 734 2023 est
779 1962 935 2022 enim
975 1964 1074 2041 qui
1109 1960 1319 2021 nesciat
1350 2005 1374 2033 ,
1428 1962 1547 2043 quo
1583 1964 1776 2032 minus

421 2041 697 2103 discessio.
737 2040 904 2103 fieret
941 2062 1046 2121 per
1089 2041 1441 2103 adversarios
1485 2060 1622 2102 tuos
1660 2040 1794 2105 effe'
1851 2093 1858 2099 .

417 2120 661 2183 fafium:
700 2125 799 2203 qui
832 2142 983 2182 nunc
1023 2123 1228 2204 populi
1265 2124 1504 2183 nomine
1526 2168 1547 2197 ,
1580 2143 1645 2184 re
1680 2141 1779 2186 au-

415 2218 540 2264 tern
572 2204 715 2264 vera
742 2203 1176 2263 sceleratissimo
1205 2205 1507 2264 latrocinio
1524 2250 1542 2276 ‚
1571 2206 1619 2263 si
1645 2225 1777 2285 quae

417 2287 778 2344 conabuntur
813 2303 982 2365 agere
1009 2328 1028 2355 ‚
1069 2284 1196 2344 satis
1231 2283 1523 2365 provisum
1558 2282 1639 2343 est
1660 2329 1679 2359 ‚
1712 2302 1780 2347 ut

416 2383 494 2426 ne
535 2365 674 2446 quid
715 2364 879 2425 salvis
919 2362 1176 2443 auspiciis
1201 2409 1220 2438 ,
1251 2386 1344 2424 aut
1379 2366 1434 2425 le
1477 2365 1602 2425 ibus
1626 2410 1645 2439 ,
1683 2382 1779 2427 aut

418 2447 598 2505 etiam
622 2449 761 2506 -sine
808 2447 870 2504 vi
911 2465 1083 2526 agere
1126 2449 1372 2526 possint.
1467 2466 1543 2527 go
1586 2465 1779 2525 neque

418 2525 493 2586 de
541 2547 678 2594 meo
729 2525 969 2599 studio,
1012 2545 1205 2606 neque
1250 2526 1323 2586 de
1364 2524 1779 2586 nonnullorum

416 2604 622 2686 injuria
677 2605 1038 2666 scribendum
1093 2605 1235 2667 mihi
1297 2604 1409 2667 esse
1472 2606 1715 2666 arbitror
1760 2611 1779 2665 ὲ

417 2687 559 2768 quid
598 2690 763 2750 enim,
795 2703 892 2747 aut
933 2706 1028 2745 me
1070 2684 1406 2747 ostentem?
1453 2687 1549 2767 qui
1590 2688 1638 2746 si
1676 2688 1783 2746 vi-

418 2785 540 2829 tam
585 2790 693 2849 pro
729 2784 845 2832 tua¹
870 2766 1145 2847 dignitate
1189 2767 1539 2848 profundam
1572 2810 1591 2839 ‚
1636 2766 1779 2825 nul·-

419 2848 536 2910 lam
558 2867 782 2930 partem
803 2848 1005 2912 videar
1023 2864 1255 2912 tuorum
1279 2850 1619 2919 meritorum
1643 2843 1784 2921 affe-3
