2007 3620
236 271 366 340 Ao
392 274 837 342 FAMILIAR.
863 272 1037 340 Lm.
1073 270 1230 342 VII.
1293 289 1441 367 309

112 401 324 463 propter
343 402 465 446 tuas
502 405 592 446 res
617 388 695 447 ita
716 382 1031 445 contraRas
1056 430 1075 458 ‚
1101 401 1165 446 ut
1185 430 1205 459 ‚
1241 405 1444 465 quem·

114 464 400 542 admodum
441 465 675 541 scribis,
711 487 820 526 nec
859 488 925 525 ca
968 483 1074 540 ut,
1105 486 1213 526 nec
1242 466 1444 546 pedes-

114 540 372 623 Equidem
408 547 625 609 vellem
649 590 669 622 ‚
705 549 789 607 uti
864 566 896 606 e
941 566 1005 607 es
1044 547 1361 619 haberent,
1389 564 1455 606 ut

117 624 391 711 aliquando
436 628 672 690 redires.
728 627 809 685 Vi
853 647 915 687 es
972 629 1129 688 enim
1178 625 1453 687 exaruiss'e

118 724 214 782 Jam
247 724 501 768 veterem
524 708 914 770 “urbanitatem
941 728 956 766 ε
992 726 1061 768 ut
1077 707 1456 788 ,Pomponius

120 783 282 848 noster
336 787 436 848 suo
493 787 616 869 jure
680 792 863 870 possit
916 788 1150 863 dicere,
1201 791 1313 848 nisi
1354 811 1457 848 nos

117 871 260 945 pauci
309 870 630 930 retineamus
682 871 910 951 gloriam
961 872 1241 948 antiquam
1293 871 1459 929 Atti-

123 966 237 1005 cam.
290 946 439 1031 Ergo
496 953 544 1010 is
599 948 705 1009 tibi
732 994 752 1023 ,
813 970 921 1008 nos
973 952 1027 1009 ei
1086 948 1463 1012 succedimuS.

124 1022 257 1087 Veni
287 1030 452 1124 igitur
470 1073 490 1104 ,
526 1028 721 1110 quaeso
744 1074 764 1104 ‚
793 1049 867 1091 ne
899 1045 1094 1090 tamen
1124 1028 1321 1089 semen
1358 1051 1457 1090 ur·-

127 1104 357 1170 banitatis
391 1111 505 1172 una
550 1131 683 1171 cum
720 1109 1016 1192 republica
1050 1112 1312 1172 intereat.

225 1229 539 1303 cmx-:Ro
611 1238 1081 1301 Votummo
1150 1236 1209 1300 S.
1275 1237 1361 1300 D.

133 1367 203 1420 Ex
239 1374 397 1425 cilicia
446 1374 511 1427 P.
569 1372 826 1426 Volumnio
859 1369 1031 1440 scribit
1084 1372 1140 1422 de
1194 1371 1325 1421 diflis
1346 1406 1362 1429 ‚
1405 1375 1463 1423 de

180 1444 387 1510 judiciis,
420 1451 474 1498 de
503 1465 608 1516 rep.
641 1448 696 1497 de
724 1445 1001 1498 Dolabella
1036 1448 1239 1497 nondum
1265 1463 1462 1516 genero·

188 1517 315 1571 Anno
351 1522 415 1573 U.
459 1525 514 1573 C.
560 1538 677 1588 7⁰²·

145 1681 215 1742 32·
237 1602 353 1760 Q
376 1673 543 1744 υὸι)
593 1673 715 1734 sine
755 1671 1111 1752 praenomine
1161 1667 1468 1730 familiari-

144 1763 242 1825 ter,
275 1752 628 1821 ut'debebas
668 1797 689 1827 ‚
733 1752 951 1819 adme-
998 1747 1298 1833 epistolam
1342 1752 1465 1809 mi·-

143 1827 272 1907 Sisti‚
313 1838 563 1916 primurn
622 1834 994 1908 addubitavi,
1046 1852 1184 1892 num
1234 1853 1267 1891 a
1322 1830 1464 1891 Vo-

142 1906 324 1975 lumnio
363 1916 625 1979 senatore
672 1913 850 1990 esset,
904 1934 1161 1997 quocum
1189 1910 1464 1980 mihiest

144 2009 345 2073 magnus
373 1998 532 2059 usus:
567 1996 777 2057 deinde
806 1996 1121 2074 ιότραπιλίι
1149 1992 1465 2054 litterarum

146 2067 293 2149 fecit,
336 2097 396 2139 ut
438 2079 827 2159 intelligerem
870 2093 992 2134 tuas
1045 2072 1177 2134 esse.
1229 2075 1463 2155 Quibus

146 2149 196 2206 in
219 2152 392 2219 litteris
417 2162 621 2220 omnia
651 2159 789 2218 mihi
820 2153 1175 2237 perjucunda
1202 2154 1470 2231 fuerunt,

153 2248 321 2306 praeter
351 2241 485 2300 illud
510 2285 534 2315 ,
571 2239 730 2320 qubd
764 2256 967 2318 parum
1007 2236 1309 2315 diligenter
1337 2235 1472 2315 pos-

152 2306 297 2375 sessio
343 2319 639 2381 salinarum
685 2336 947 2378 mearum
995 2336 1029 2373 a
1072 2330 1130 2373 te
1187 2334 1472 2393 procura-

151 2403 257 2453 tore
285 2397 622 2462 defenditur.
657 2398 762 2459 Ais
794 2397 988 2468 enim,
1029 2409 1092 2452 ut
1125 2412 1239 2474 ego
1274 2392 1475 2454 disces-

138 2467 291 2536 serim
340 2525 362 2552 ,
432 2485 630 2543 omnia
690 2480 951 2540 omnium
1003 2472 1151 2534 diaa
1198 2519 1217 2549 ‚
1281 2478 1341 2534 in
1384 2475 1471 2537 his·

155 2555 298 2615 etiam
336 2560 601 2623 Sextiana
633 2607 650 2635 ,
695 2563 753 2621 in
804 2578 900 2619 me
944 2554 1213 2618 conferri.
1259 2554 1426 2636 Quid
1444 2556 1476 2617 ’ἓ

156 2647 203 2691 tu
243 2639 293 2698 id
327 2643 584 2721 pateris?
622 2661 818 2703 nonne
869 2635 1180 2699 defendis?
1218 2660 1339 2698 non
1376 2657 1480 2696 re-

97 2791 105 2799 -
163 2711 314 2779 sistis?
360 2720 641 2802 Equidem
680 2722 979 2803 sperabam
1020 2721 1100 2778 ita
1142 2736 1340 2779 notata
1380 2736 1479 2777 me

162 2795 402 2880 reliquisse
454 2823 667 2886 genera
713 2802 998 2871 dikiorum
1045 2817 1312 2863 meorum
1347 2842 1368 2873 ,
1419 2815 1484 2862 ut
