2007 3620
313 296 438 365 AD
449 295 906 370 ’FAMILrAm
931 299 1106 373 Lm.
1131 285 1248 376 VI.
1320 305 1417 399 2'21:
1431 307 1480 381 ἰ

151 401 386 470 'Asiaticae
434 416 844 496 negotiationis
891 415 1294 498 proficiscare„
1325 419 1467 483 Haec

147 479 229 547 tuit
277 491 599 555 deliberatio
649 514 770 555 non
824 496 965 557 mihi
1001 497 1315 560 convenire
1356 495 1473 562 visa

147 566 216 627 est
254 593 374 631 cum
415 576 677 635 oratione
732 575 919 661 Largi.
968 577 1076 640 Ille
1134 583 1291 640 enim
1336 602 1472 641 me-

147 668 256 708 cum
299 697 318 725 ,
380 657 538 734 quasi
594 656 694 732 tibi
744 680 870 728 non
918 660 1120 721 liceret
1168 663 1227 721 in
1278 660 1469 738 Sicilia

145 726 323 791 diutius
365 737 709 796 commorari
737 782 756 811 ‚
796 738 874 798 ita
916 739 1146 802 locutus
1193 759 1349 803 erat:
1405 762 1466 803 tu

142 815 307 871 autem
329 857 346 886 ,
381 817 540 896 quasi
578 815 904 879 conceffum
950 823 1062 895 sit,
1112 823 1191 881 ita
1239 822 1468 885 delibe-

141 909 228 951 ras.
270 892 378 954 Sed
416 915 529 977 ego
552 941 573 971 ‚
613 901 735 958 sive
772 899 886 960 hoc
909 945 930 974 ‚
983 905 1110 961 sive
1148 902 1287 963 illud
1324 904 1406 966 est
1443 953 1465 981 ,

141 969 194 1049 in·
223 970 639 1052 Sicilia-censeo
676 981 1179 1055 commorandum.
1219 982 1465 1065 Propin-

141 1053 294 1135 quitas
328 1055 591 1116 locorum
616 1058 739 1118 'vel-
771 1061 842 1119 ad
886 1063 1311 1142 impetrandum
1355 1068 1463 1127 ad*-

138 1142 270 1204 Juvat
306 1136 524 1197 'crebris
569 1138 766 1198 litteri‘s
802 1142 888 1201 ³&
929 1146 1142 1203 nuntiis
1171 1189 1189 1218 ‚
1250 1146 1346 1206 vel
1384 1150 1459 1208 ad

139 1212 318 1274 reditus
360 1218 717 1279 celeritatem
760 1229 805 1294 ‚⁴
839 1242 901 1282 re
930 1233 1051 1282 ³aut
1096 1210 1400 1304 impetrat&
1440 1276 1461 1303 ‚

199 1295 266 1352 od
307 1294 467 1375 spero
493 1345 511 1372 ‚
560 1316 659 1359 aut
698 1301 887 1380 aliqua
917 1306 1138 1364 ratione
1178 1307 1462 1368 consefia-

139 1309 504 1448 &umobrem
547 1379 757 1458 censeo
800 1387 1015 1465 magno
1063 1405 1242 1466 opere
1284 1409 1489 1456 com-‚

138 1458 452 1521 morandum.
487 1459 568 1521 T.
611 1460 882 1523 Furfanio
925 1462 1194 1527 Postumo
1232 1511 1249 1540 ,
1291 1467 1462 1529 fami-

136 1529 230 1594 liari
285 1558 411 1599 meo
447 1586 466 1614 ‚
515 1541 827 1623 legatisque
880 1543 1003 1619 eius
1043 1592 1062 1619 ‚
1124 1549 1267 1608 item
1308 1554 1454 1613 meis

137 1608 454 1682 familiaribus
479 1667 499 1697 ,
547 1622 985 1704 diligentissime
1026 1642 1083 1702 te
1138 1648 1460 1691 commen—-

134 1692 289 1771 dabo,
333 1723 506 1783 quum
554 1706 861 1765 venerint}
894 1721 1055 1766 erant
1096 1711 1255 1767 enim
1307 1732 1454 1770 om·-

133 1789 213 1836 nes
262 1779 488 1845 Mutinae
509 1804 535 1844 :-
576 1787 687 1846 viri
743 1784 868 1847 sunt
928 1790 1185 1868 optimi,
1240 1790 1304 1850 δ’(
1366 1796 1450 1852 tui

136 1857 356 1922 similium
385 1863 667 1940 studiosi,
699 1866 762 1926 &
795 1871 911 1928 mei
940 1867 1248 1930 neceffarin.
1288 1870 1450 1950 Quae

133 1938 244 1999 mihi
267 1949 494 2007 venient
536 1949 596 2005 in
623 1967 883 2008 mentem
906 1995 924 2024 ‚
963 1971 1092 2031 quae
1114 1951 1187 2010 ad
1223 1969 1279 2012 te
1317 1975 1450 2033 per-

132 2017 278 2083 tinere
311 2027 628 2089 arbitrabor
653 2073 675 2100 ,
713 2048 784 2090 ea
823 2031 954 2091 mea
982 2030 1188 2113 sponte
1219 2032 1448 2097 faciam.

133 2094 180 2156 Si
208 2107 325 2182 quid
357 2109 640 2192 ignorabo
665 2154 684 2182 ‚
719 2110 793 2171 de
831 2131 907 2171 eo
950 2113 1277 2175 admonitus
1315 2138 1445 2197 om-

129 2179 260 2241 nium
301 2186 470 2250 studia
506 2191 763 2250 vincam.
807 2190 933 2274 Ego
976 2197 1082 2255 etsi
1133 2196 1328 2256 coram
1368 2199 1445 2259 de

133 2271 181 2350 tt}
213 2282 320 2325 cum
350 2269 626 2332 Furfanio
667 2274 746 2331 ita
787 2271 988 2352 loquar
1009 2320 1028 2348 ‚
1070 2291 1132 2334 ut
1161 2276 1262 2341 tibi
1294 2278 1447 2337 litte-

130 2352 192 2397 ns
223 2349 341 2408 meis
385 2353 457 2412 ad
492 2371 633 2411 eum
678 2352 818 2410 nihil
859 2375 1007 2433 opus
1050 2355 1158 2413 sit:
1204 2370 1398 2414 tamen
1420 2401 1450 2437 ²„

128 2428 358 2497 quoniam
393 2433 506 2494 tuis
544 2433 759 2513 placuit
797 2433 1105 2494 tehabere
1147 2453 1303 2494 meas
1336 2436 1441 2496 lit-

129 2514 273 2579 teras,
298 2530 428 2590 quas
463 2514 522 2574 ei
548 2513 819 2574 redderes
843 2559 862 2587 ,
892 2524 1119 2576 morem
1150 2514 1233 2575 his
1256 2521 1448 2660 ‘gessis

1280 2620 1309 2660 c

128 2573 297 2655 Earum
333 2594 647 2656 litterarum
680 2596 1015 2679 exemplum
1060 2594 1207 2661 infra
1313 2603 1442 2681 rip-t

126 2672 224 2724 sum
254 2668 554 2737 est.va1e.
952 2690 957 2695 ·
1073 2690 1080 2695 ‘
1371 2688 1377 2695 “
1425 2686 1436 2701 ‘

179 2910 229 2973 ·1”
222 2934 364 2976 omns
399 2921 517 3001 XL,
701 2872 712 2885 ο
916 2878 921 2885 ·
1193 2920 1246 2993 Ε
