2007 3620
263 313 405 380 AD
429 312 889 381 FAM1L1AR.
919 315 1099 382 Lm.
1127 311 1253 382 VI.
1326 333 1371 384 2
1379 333 1471 407 33

61 470 73 483 .
105 443 198 485 me
236 445 251 485 2
288 426 610 507 depulsum
657 449 730 490 ex
770 425 933 487 Italia
954 472 974 500 ‚
1023 441 1292 486 manente
1337 446 1432 485 me
1447 471 1481 500 ‚⁴

179 507 290 566 oad
327 510 543 589 potui:
568 508 672 570 ‘sed
707 510 887 569 valuit
909 508 1065 587 apud
1092 527 1188 567 me
1219 507 1347 587 plus
1371 526 1483 585 pua

141 607 203 645 or
229 607 396 648 meus
415 634 437 660 ‚
461 590 648 669 quam
670 591 846 649 timor
867 610 880 647 z
901 591 1118 649 veritus
1146 587 1268 648 sum
1288 584 1480 656 deess'e,

107 663 361 747 Pompeii
399 668 578 729 saluti
601 716 620 745 ‚
657 690 837 752 quum
868 670 964 729 ille
1002 668 1312 749 aliquando
1356 688 1478 727 non

107 746 357 808 defuiss'et
397 770 583 810 rneae.
603 750 692 811 Ita
733 771 804 812 ue
824 751 924 812 vel
939 747 1134 809 officio
1154 795 1175 824 ‚
1198 750 1297 810 vel
1323 745 1479 809 fama

107 824 385 889 bonorum
407 876 429 906 ‚
465 831 576 892 vel
612 854 689 913 pu
733 852 833 892 ore
868 830 1049 891 vicius
1072 876 1090 904 ‚
1129 850 1191 892 ut
1220 833 1277 890 in
1312 827 1479 888 fabu-

109 905 166 965 lis
195 908 628 990 Amphiaraiis‚
655 915 736 972 sic
770 932 882 994 ego
918 912 1170 991 prudens
1204 910 1267 970 &
1292 907 1475 971 sciens

110 987 175 1045 ad
207 988 429 1069 pestem
468 1011 612 1052 ante
649 993 850 1053 oculos
892 993 1141 1071 positam
1179 990 1300 1050 sum
1333 1012 1477 1070 pro-

113 1065 289 1130 fectus.
331 1069 488 1150 Quo
527 1071 591 1133 in
628 1074 784 1134 bello
820 1073 959 1134 nihil
1003 1072 1230 1131 adversi
1271 1071 1476 1132 accidit

114 1167 219 1209 non
250 1152 614 1231 praedicente
650 1175 766 1214 me.
803 1152 1011 1231 Quare
1044 1172 1224 1234 quum
1263 1167 1326 1211 ut
1365 1173 1477 1211 au-

120 1247 264 1307 gures
295 1233 357 1291 &
383 1232 670 1317 astrologi
707 1234 928 1307 solent,
971 1254 1086 1315 ego
1114 1251 1345 1312 quoque
1370 1252 1474 1291 au-

119 1313 511 1445 {ur-publicus
561 1336 639 1375 ex
693 1317 837 1376 meis
893 1313 953 1373 su
999 1314 1276 1375 erioribus
1323 1333 1481 1391 prae-

154 1388 258 1450 istis
290 1394 561 1456 constitui
603 1396 756 1476 apud
777 1412 835 1455 te
867 1335 1259 1454 auKodtatem
1292 1412 1475 1474 augu-

122 1470 191 1538 rii,
214 1472 275 1531 ὃ(
316 1474 699 1537 divinationis
742 1496 928 1548 meae,
970 1474 1204 1535 debebit
1259 1472 1474 1535 habere

123 1545 275 1611 fidem
304 1555 500 1618 nostra
529 1556 853 1639 praediffio.
885 1556 1026 1616 Non
1070 1559 1089 1614 i
1132 1558 1241 1614 itur
1266 1575 1338 1630 ex
1364 1554 1474 1614 ali-

128 1630 183 1687 tis
214 1634 467 1698 involatu
488 1684 507 1712 ‚
548 1659 666 1698 nec
699 1659 732 1698 e
765 1654 933 1697 cantu
966 1577 1185 1695 siniffiro
1228 1634 1471 1709 oscinis‚

129 1714 259 1771 utin
299 1716 487 1777 nostra
527 1718 831 1799 disciplina
866 1714 986 1789 est,
1025 1736 1134 1776 nec
1167 1735 1239 1774 ex
1280 1718 1472 1792 tripu-2

134 1787 223 1850 diis
262 1794 544 1861 solistimis
579 1847 597 1874 ‚
633 1819 729 1861 aut
766 1798 995 1860 soniviis
1045 1798 1149 1857 tibi
1191 1816 1473 1878 auguror:

130 1867 214 1967 sed.
238 1874 415 1940 habeo
442 1883 567 1943 alia
591 1884 751 1966 signa
773 1928 792 1955 ‚
817 1902 945 1963 quae
976 1877 1315 1941 observem:
1344 1897 1470 1960 quae

132 1966 221 2011 01⁵1
250 1978 363 2019 non
404 1963 534 2025 sunt
577 1966 817 2024 certiora
854 1964 963 2022 illis
989 2007 1012 2035 ‚
1049 1964 1236 2020 miniis
1278 1978 1472 2021 tamen

134 2028 313 2099 habent
347 2047 443 2104 vel
480 2043 843 2106 obscuritatis
865 2088 884 2118 ‚
925 2044 1025 2104 vel
1075 2044 1305 2104 erroris.
1337 2041 1479 2102 No·-

136 2125 294 2177 tantur
333 2142 526 2186 autem
583 2126 727 2186 mihi
784 2124 854 2183 ad
897 2124 1272 2185 divinandum
1313 2125 1474 2205 signa

143 2190 321 2270 duplici
342 2206 594 2284 quadam
625 2208 1024 2286 v153quarum
1060 2207 1295 2265 alteram
1320 2205 1473 2265 duco

144 2289 188 2365 ὃ·
213 2272 406 2367 ⁸Caesare
443 2288 573 2366 ipso
606 2330 625 2359 ‚
669 2288 904 2345 alteram
947 2306 981 2344 e
1021 2301 1140 2345 tem
1187 2300 1360 2343 orum*
1393 2286 1478 2353 cif-

140 2352 310 2416 vilmm
353 2383 558 2428 natura
604 2384 661 2427 at
704 2386 778 2427 ue
837 2368 1078 2424 ratione.
1158 2385 1197 2420 n
1246 2360 1475 2422 Caesare

142 2427 241 2522 lffaec
274 2438 390 2505 sunt
416 2466 429 2505 :
458 2450 615 2509 mitis
658 2389 1023 2524 clemensque
1067 2459 1300 2515 natura,
1327 2463 1478 2522 qua-

232 2528 559 2600 exprimitur
582 2528 856 2608 praeclaro
895 2525 998 2587 illo
1030 2525 1180 2584 libro
1234 2520 1478 2600 Quere-

210 2614 294 2656 Um
323 2619 568 2668 tuarum.
603 2607 880 2679 Accedit,
917 2606 1078 2687 quod
1110 2602 1347 2664 mirifice
1374 2607 1472 2662 in-

144 2679 294 2806 ffeniis
334 2690 742 2749 excellentibus
762 2735 779 2761 ‚
808 2689 977 2767 quale
1009 2687 1087 2748 est
1120 2704 1283 2746 tuum
1306 2729 1323 2757 ‚
1354 2684 1469 2755 def·

165 2753 360 2821 etiamr.
402 2765 687 2828 Praeterea
744 2769 898 2829 cedit
952 2768 1267 2827 multorum
1313 2762 1488 2842 justis

202 2874 205 2883 ·
228 2837 410 2911 officio
443 2850 693 2925 incensis
721 2895 742 2926 ,
766 2849 1182 2915 nonlinanibus
1223 2863 1319 2905 aut
1346 2863 1470 2919 am?

1543 3166 1724 3397 f
