2007 3620
294 283 437 350 AD
463 281 918 351 Famam.
944 284 1132 351 Lm.
1160 279 1296 352 IX.
1350 303 1504 377 379

115 395 188 457 δι
231 413 423 477 urgeo
458 391 653 455 forum
676 441 696 465 ,
730 393 1215 456 senatusconsulta
1248 397 1501 458 scribun-

112 496 218 539 tur
292 474 449 554 apud
509 492 830 535 amatorem
880 494 1046 538 tuum
1075 521 1094 549 ‚
1156 477 1506 539 familiarem

113 578 333 618 meum
375 575 394 613 t
458 554 520 614 ὃ(
567 557 805 636 quidem
839 601 858 629 ‚
909 578 1090 638 quum
1113 560 1195 618 ‘in
1239 576 1501 620 mentem

112 640 292 708 venit
333 680 355 707 ,
422 656 613 716 ponor
669 637 744 696 ad
794 636 1203 712 scribendum3
1264 639 1329 699 &
1364 642 1500 700 ante

110 719 302 780 audio
341 714 888 778 senatusconsultum
932 722 996 779 in
1038 719 1383 780 Armeniam
1430 720 1498 780 &

111 798 358 880 Syriam
416 794 533 858 esse
619 799 861 858 erlatum
900 844 920 874 ‚
974 801 1136 881 quod
1186 802 1248 859 in
1299 820 1497 861 meam

110 879 471 941 sententiam
494 820 702 938 faKum
732 878 845 940 ess'e
867 880 1089 941 dicatur
1108 926 1128 955 ,
1156 880 1329 961 quam
1367 901 1497 942 om-

114 964 267 1022 nino
311 962 673 1020 mentionem
704 960 883 1019 ullam
913 961 987 1021 de
1028 982 1098 1022 ea
1128 981 1188 1021 re
1223 960 1340 1022 effe
1369 961 1497 1022 fac-

113 1059 268 1103 tam.
311 1039 510 1179 Ατῖιιιε
549 1041 666 1101 hoc
705 1041 891 1101 nolim
933 1061 1031 1101 me
1061 1039 1240 1120 jocari
1281 1058 1445 1121 putes
1469 1062 1492 1102 ε

110 1143 261 1183 nam
323 1123 403 1181 mi
448 1122 461 1136 ’
519 1119 685 1181 scito·
719 1117 839 1200 jam
895 1143 930 1180 a
984 1123 1215 1205 regibus
1267 1122 1482 1182 ultimis

110 1204 320 1263 allatas
368 1198 479 1262 esse
517 1200 731 1262 litteras
759 1245 779 1273 ,
831 1201 1036 1282 quibus
1087 1202 1229 1261 mihi
1284 1205 1489 1284 gratias

112 1300 338 1365 agant,
374 1283 529 1362 quod
570 1281 626 1343 se
669 1282 802 1342 mea
848 1281 1128 1343 sententia
1166 1301 1333 1380 reges
1375 1303 1490 1362 ap-

108 1363 462 1447 pellaverim
499 1384 518 1435 ;
572 1384 719 1444 quos
757 1383 869 1457 ego
913 1384 1040 1423 non
1090 1362 1274 1422 modo
1322 1382 1488 1442 reges

107 1467 149 1505 a
196 1444 447 1525 pellatos
469 1488 488 1516 ,
528 1441 625 1502 sed
661 1464 902 1504 ommno
935 1462 1102 1503 natos
1138 1441 1486 1503 nesciebam.

188 1525 291 1584 uid
324 1543 469 1604 ergo
506 1522 586 1584 est
618 1523 640 1582 ἓ
693 1541 889 1584 tamen
930 1524 1207 1605 quamdiu
1244 1523 1336 1582 hic
1375 1527 1490 1585 erit

103 1604 311 1676 noster
334 1603 748 1683 bic‘praefefius
780 1604 1038 1665 moribus
1056 1649 1076 1676 ‚
1101 1604 1321 1685 parebo
1350 1625 1487 1662 auc-.

104 1688 333 1752 toritati
362 1703 507 1744 tuae:
539 1705 720 1806 puum
745 1685 891 1746 verb
922 1685 1141 1757 aberit,
1163 1683 1236 1741 ad
1268 1681 1481 1762 fungos

105 1790 214 1833 me
245 1785 387 1832 tuos
426 1786 741 1830 cameram.
793 1762 1071 1830 Domum
1110 1765 1163 1828 si
1193 1761 1423 1830 habebo
1462 1807 1493 1845 ἰ,

104 1857 166 1915 in
209 1852 397 1913 denos
432 1851 551 1910 dies
579 1894 596 1923 ,
634 1851 895 1944 singulos
934 1849 1297 1930 sumptuariae
1336 1849 1488 1932 legis

104 1936 240 1995 dies
285 1929 583 1992 conferam
622 1949 637 1988 t
696 1952 784 1990 s1n
827 1949 1023 1992 autem
1075 1933 1263 1992 minus
1302 1932 1484 1994 inve-

99 2034 260 2081 nero
275 2063 295 2090 ‚
323 2011 483 2098 quot}
500 2012 758 2096 placeat,
783 2006 1020 2077 decrevi
1041 2011 1303 2089 habitare
1323 2011 1487 2096 apud

101 2119 211 2173 te3
247 2097 363 2157 scio
392 2099 558 2161 renim
595 2117 690 2162 me
726 2096 864 2156 nihil
897 2096 1002 2158 tibi
1041 2100 1250 2177 gratius
1289 2094 1482 2156 facere

104 2177 295 2262 poss'e.
325 2177 592 2237 Domum
616 2175 903 2238 Sullanam
927 2175 1303 2257 desperabam
1326 2175 1442 2255 jam
1459 2220 1480 2250 ‚

103 2281 171 2323 ut
217 2259 321 2320 tibi
421 2257 643 2318 roxime
685 2256 877 2337 scripsi
911 2277 931 2314 t
975 2256 1076 2316 sed
1118 2275 1314 2316 tamen
1353 2275 1478 2315 non

103 2338 318 2415 abjeci.
410 2361 450 2398 u
484 2338 663 2399 velim
686 2382 706 2409 ‚
754 2353 818 2398 ut
851 2336 1045 2396 scribis
1067 2380 1086 2408 ‚
1129 2356 1261 2394 cum
1300 2333 1476 2393 fabris

102 2442 243 2484 eam
276 2418 600 2500 perspicias.
626 2415 698 2481 ,Si
732 2419 888 2476 enim
917 2416 1060 2475 nihil
1090 2413 1172 2475 est
1203 2418 1262 2474 in
1301 2415 1484 2492 parie-

103 2504 261 2575 tibus
297 2518 395 2562 aut
428 2503 488 2560 in
521 2497 676 2560 testo
710 2499 838 2562 vitii
866 2542 891 2574 ,
924 2514 1120 2559 cetera
1147 2494 1296 2566 mihi
1335 2514 1480 2578 prou,

102 2583 424 2653 habuntur.
468 2579 644 2643 Vale.
