<?xml version="1.0" encoding="UTF-8"?>
<!DOCTYPE html PUBLIC "-//W3C//DTD XHTML 1.0 Transitional//EN"
    "http://www.w3.org/TR/xhtml1/DTD/xhtml1-transitional.dtd">
<html xmlns="http://www.w3.org/1999/xhtml" xml:lang="en" lang="en">
 <head>
  <title>
</title>
<meta http-equiv="Content-Type" content="text/html;charset=utf-8" />
  <meta name='ocr-system' content='tesseract 3.04.00' />
  <meta name='ocr-capabilities' content='ocr_page ocr_carea ocr_par ocr_line ocrx_word'/>
</head>
<body>
  <div class='ocr_page' id='page_1' title='image "./mtulliiciceroni12lallgoog/mtulliiciceroni12lallgoog_0035.png"; bbox 0 0 2007 3620; ppageno 0'>
   <div class='ocr_carea' id='block_1_1' title="bbox 390 259 1564 358">
    <p class='ocr_par' dir='ltr' id='par_1_1' title="bbox 390 259 1564 358">
     <span class='ocr_line' id='line_1_1' title="bbox 390 259 1564 358; baseline 0.008 -31"><span class='ocrx_word' id='word_1_1' title='bbox 390 260 533 328; x_wconf 62' lang='lat' dir='ltr'>AD*</span> <span class='ocrx_word' id='word_1_2' title='bbox 566 259 1288 331; x_wconf 68' lang='lat' dir='ltr'><strong><em>FAMILIARES‘LIB.</em></strong></span> <span class='ocrx_word' id='word_1_3' title='bbox 1324 264 1384 334; x_wconf 87' lang='lat' dir='ltr'>I.</span> <span class='ocrx_word' id='word_1_4' title='bbox 1452 270 1564 358; x_wconf 69' lang='lat'>25³1</span> 
     </span>
    </p>
   </div>
   <div class='ocr_carea' id='block_1_2' title="bbox 171 370 1638 2550">
    <p class='ocr_par' dir='ltr' id='par_1_2' title="bbox 171 370 1638 2550">
     <span class='ocr_line' id='line_1_2' title="bbox 171 370 1558 457; baseline 0.005 -23"><span class='ocrx_word' id='word_1_5' title='bbox 171 370 336 434; x_wconf 73' lang='lat' dir='ltr'>«esses</span> <span class='ocrx_word' id='word_1_6' title='bbox 369 371 401 432; x_wconf 70' lang='grc' dir='ltr'>τ’</span> <span class='ocrx_word' id='word_1_7' title='bbox 447 393 796 453; x_wconf 88' lang='lat' dir='ltr'>quamquam</span> <span class='ocrx_word' id='word_1_8' title='bbox 847 376 947 437; x_wconf 63' lang='lat' dir='ltr'>tua</span> <span class='ocrx_word' id='word_1_9' title='bbox 1002 377 1240 456; x_wconf 82' lang='lat' dir='ltr'>quidem</span> <span class='ocrx_word' id='word_1_10' title='bbox 1286 379 1464 457; x_wconf 57' lang='lat' dir='ltr'>causa</span> <span class='ocrx_word' id='word_1_11' title='bbox 1498 397 1558 440; x_wconf 88' lang='lat' dir='ltr'>te</span> 
     </span>
     <span class='ocr_line' id='line_1_3' title="bbox 181 453 1560 538; baseline 0.004 -24"><span class='ocrx_word' id='word_1_12' title='bbox 181 453 302 514; x_wconf 80' lang='lat' dir='ltr'>effe</span> <span class='ocrx_word' id='word_1_13' title='bbox 346 457 760 535; x_wconf 85' lang='lat' dir='ltr'>imperator-em</span> <span class='ocrx_word' id='word_1_14' title='bbox 806 501 825 530; x_wconf 90' lang='lat'>,</span> <span class='ocrx_word' id='word_1_15' title='bbox 879 458 1356 538; x_wconf 86' lang='lat' dir='ltr'>provinciamque</span> <span class='ocrx_word' id='word_1_16' title='bbox 1409 460 1560 520; x_wconf 88' lang='lat' dir='ltr'>bene</span> 
     </span>
     <span class='ocr_line' id='line_1_4' title="bbox 182 533 1565 615; baseline 0.003 -21"><span class='ocrx_word' id='word_1_17' title='bbox 182 533 364 615; x_wconf 82' lang='lat' dir='ltr'>gestis</span> <span class='ocrx_word' id='word_1_18' title='bbox 418 535 592 595; x_wconf 84' lang='lat' dir='ltr'>rebus</span> <span class='ocrx_word' id='word_1_19' title='bbox 635 555 768 596; x_wconf 87' lang='lat' dir='ltr'>cum</span> <span class='ocrx_word' id='word_1_20' title='bbox 823 540 1079 597; x_wconf 84' lang='lat' dir='ltr'>exercitu</span> <span class='ocrx_word' id='word_1_21' title='bbox 1134 537 1354 599; x_wconf 59' lang='lat' dir='ltr'>vietore</span> <span class='ocrx_word' id='word_1_22' title='bbox 1399 539 1565 599; x_wconf 87' lang='lat' dir='ltr'>obti-</span> 
     </span>
     <span class='ocr_line' id='line_1_5' title="bbox 180 613 1564 700; baseline 0.003 -27"><span class='ocrx_word' id='word_1_23' title='bbox 180 635 333 676; x_wconf 82' lang='lat' dir='ltr'>nere</span> <span class='ocrx_word' id='word_1_24' title='bbox 360 658 382 689; x_wconf 87' lang='lat'>,</span> <span class='ocrx_word' id='word_1_25' title='bbox 417 632 480 674; x_wconf 89' lang='lat' dir='ltr'>ut</span> <span class='ocrx_word' id='word_1_26' title='bbox 512 613 738 689; x_wconf 86' lang='lat' dir='ltr'><strong>debeo,</strong></span> <span class='ocrx_word' id='word_1_27' title='bbox 774 616 973 677; x_wconf 83' lang='lat' dir='ltr'>laetor:</span> <span class='ocrx_word' id='word_1_28' title='bbox 1007 616 1105 678; x_wconf 89' lang='lat' dir='ltr'>sed</span> <span class='ocrx_word' id='word_1_29' title='bbox 1136 619 1291 679; x_wconf 75' lang='lat' dir='ltr'>certe</span> <span class='ocrx_word' id='word_1_30' title='bbox 1321 621 1422 700; x_wconf 89' lang='lat' dir='ltr'>qui</span> <span class='ocrx_word' id='word_1_31' title='bbox 1455 619 1564 678; x_wconf 87' lang='lat' dir='ltr'>tibi</span> 
     </span>
     <span class='ocr_line' id='line_1_6' title="bbox 182 693 1565 776; baseline 0.002 -20"><span class='ocrx_word' id='word_1_32' title='bbox 182 716 264 756; x_wconf 83' lang='lat' dir='ltr'>ex</span> <span class='ocrx_word' id='word_1_33' title='bbox 306 715 409 755; x_wconf 86' lang='lat' dir='ltr'>me</span> <span class='ocrx_word' id='word_1_34' title='bbox 450 693 663 754; x_wconf 65' lang='lat' dir='ltr'>fruetus</span> <span class='ocrx_word' id='word_1_35' title='bbox 705 697 987 758; x_wconf 86' lang='lat' dir='ltr'>debentur</span> <span class='ocrx_word' id='word_1_36' title='bbox 1015 741 1035 776; x_wconf 84' lang='lat'>,</span> <span class='ocrx_word' id='word_1_37' title='bbox 1080 717 1185 760; x_wconf 86' lang='lat' dir='ltr'>eos</span> <span class='ocrx_word' id='word_1_38' title='bbox 1222 699 1522 760; x_wconf 83' lang='lat' dir='ltr'>uberiores</span> <span class='ocrx_word' id='word_1_39' title='bbox 1541 743 1565 773; x_wconf 87' lang='lat'>,</span> 
     </span>
     <span class='ocr_line' id='line_1_7' title="bbox 186 773 1571 860; baseline 0.002 -24"><span class='ocrx_word' id='word_1_40' title='bbox 186 777 261 836; x_wconf 87' lang='lat'>&amp;</span> <span class='ocrx_word' id='word_1_41' title='bbox 292 773 715 856; x_wconf 73' lang='lat' dir='ltr'>praestantiores</span> <span class='ocrx_word' id='word_1_42' title='bbox 748 776 993 857; x_wconf 86' lang='lat' dir='ltr'>praesens</span> <span class='ocrx_word' id='word_1_43' title='bbox 1030 794 1235 860; x_wconf 79' lang='lat' dir='ltr'>capere</span> <span class='ocrx_word' id='word_1_44' title='bbox 1267 777 1571 860; x_wconf 73' lang='lat' dir='ltr'>potuiss‘es.·</span> 
     </span>
     <span class='ocr_line' id='line_1_8' title="bbox 184 854 1565 942; baseline 0.004 -27"><span class='ocrx_word' id='word_1_45' title='bbox 184 854 265 915; x_wconf 81' lang='lat' dir='ltr'>In</span> <span class='ocrx_word' id='word_1_46' title='bbox 302 858 386 917; x_wconf 86' lang='lat' dir='ltr'>eis</span> <span class='ocrx_word' id='word_1_47' title='bbox 405 856 564 917; x_wconf 76' lang='lat' dir='ltr'>-verb</span> <span class='ocrx_word' id='word_1_48' title='bbox 602 855 938 919; x_wconf 72' lang='lat' dir='ltr'>ulciscendis</span> <span class='ocrx_word' id='word_1_49' title='bbox 959 902 979 934; x_wconf 87' lang='lat'><strong>,</strong></span> <span class='ocrx_word' id='word_1_50' title='bbox 1023 880 1169 940; x_wconf 90' lang='lat' dir='ltr'>quos</span> <span class='ocrx_word' id='word_1_51' title='bbox 1211 861 1318 922; x_wconf 88' lang='lat' dir='ltr'>tibi</span> <span class='ocrx_word' id='word_1_52' title='bbox 1351 862 1565 942; x_wconf 83' lang='lat' dir='ltr'>partim</span> 
     </span>
     <span class='ocr_line' id='line_1_9' title="bbox 189 934 1565 1022; baseline 0.004 -26"><span class='ocrx_word' id='word_1_53' title='bbox 189 939 463 998; x_wconf 85' lang='lat' dir='ltr'>inimicos</span> <span class='ocrx_word' id='word_1_54' title='bbox 502 934 615 997; x_wconf 83' lang='lat' dir='ltr'>effe</span> <span class='ocrx_word' id='word_1_55' title='bbox 647 938 924 1021; x_wconf 75' lang='lat' dir='ltr'>intelligis</span> <span class='ocrx_word' id='word_1_56' title='bbox 960 956 1200 1021; x_wconf 85' lang='lat' dir='ltr'>propter</span> <span class='ocrx_word' id='word_1_57' title='bbox 1232 960 1393 1001; x_wconf 87' lang='lat' dir='ltr'>tuam</span> <span class='ocrx_word' id='word_1_58' title='bbox 1425 958 1565 1022; x_wconf 86' lang='lat' dir='ltr'>pro-</span> 
     </span>
     <span class='ocr_line' id='line_1_10' title="bbox 186 1015 1566 1103; baseline 0.001 -23"><span class='ocrx_word' id='word_1_59' title='bbox 186 1019 620 1100; x_wconf 83' lang='lat' dir='ltr'>pugnationem</span> <span class='ocrx_word' id='word_1_60' title='bbox 663 1015 851 1081; x_wconf 77' lang='lat' dir='ltr'>salutis</span> <span class='ocrx_word' id='word_1_61' title='bbox 894 1032 1043 1080; x_wconf 84' lang='lat' dir='ltr'>rneae</span> <span class='ocrx_word' id='word_1_62' title='bbox 1075 1065 1098 1095; x_wconf 91' lang='lat'>‚</span> <span class='ocrx_word' id='word_1_63' title='bbox 1153 1023 1361 1103; x_wconf 85' lang='lat' dir='ltr'>partim</span> <span class='ocrx_word' id='word_1_64' title='bbox 1403 1024 1566 1083; x_wconf 68' lang='lat' dir='ltr'>inv-i·-</span> 
     </span>
     <span class='ocr_line' id='line_1_11' title="bbox 187 1098 1572 1183; baseline 0.003 -24"><span class='ocrx_word' id='word_1_65' title='bbox 187 1099 335 1160; x_wconf 79' lang='lat' dir='ltr'>dere</span> <span class='ocrx_word' id='word_1_66' title='bbox 386 1116 630 1180; x_wconf 88' lang='lat' dir='ltr'>propter</span> <span class='ocrx_word' id='word_1_67' title='bbox 667 1100 815 1160; x_wconf 88' lang='lat' dir='ltr'>illius</span> <span class='ocrx_word' id='word_1_68' title='bbox 836 1098 1108 1162; x_wconf 55' lang='lat' dir='ltr'>&#39;aelionis&#39;</span> <span class='ocrx_word' id='word_1_69' title='bbox 1125 1101 1572 1183; x_wconf 66' lang='lat' dir='ltr'>amplitudinem*</span> 
     </span>
     <span class='ocr_line' id='line_1_12' title="bbox 191 1179 1578 1257; baseline 0.004 -19"><span class='ocrx_word' id='word_1_70' title='bbox 191 1180 258 1239; x_wconf 73' lang='grc' dir='ltr'>ὅ(</span> <span class='ocrx_word' id='word_1_71' title='bbox 345 1180 597 1253; x_wconf 88' lang='lat' dir='ltr'>loriam,</span> <span class='ocrx_word' id='word_1_72' title='bbox 648 1179 960 1241; x_wconf 82' lang='lat' dir='ltr'>mirificum</span> <span class='ocrx_word' id='word_1_73' title='bbox 1000 1200 1097 1242; x_wconf 85' lang='lat' dir='ltr'>me</span> <span class='ocrx_word' id='word_1_74' title='bbox 1140 1183 1247 1242; x_wconf 83' lang='lat' dir='ltr'>tibi</span> <span class='ocrx_word' id='word_1_75' title='bbox 1287 1185 1578 1257; x_wconf 78' lang='lat' dir='ltr'>comitem,</span> 
     </span>
     <span class='ocr_line' id='line_1_13' title="bbox 190 1200 1567 1343; baseline 0.002 -25"><span class='ocrx_word' id='word_1_76' title='bbox 190 1200 557 1340; x_wconf 49' lang='lat' dir='ltr'>praeffiuiffem</span> <span class='ocrx_word' id='word_1_77' title='bbox 585 1280 600 1318; x_wconf 73' lang='grc' dir='ltr'>ε</span> <span class='ocrx_word' id='word_1_78' title='bbox 628 1259 984 1341; x_wconf 79' lang='lat' dir='ltr'>quamquam</span> <span class='ocrx_word' id='word_1_79' title='bbox 1020 1260 1118 1322; x_wconf 88' lang='lat' dir='ltr'>ille</span> <span class='ocrx_word' id='word_1_80' title='bbox 1153 1265 1423 1343; x_wconf 74' lang='lat' dir='ltr'>perennis</span> <span class='ocrx_word' id='word_1_81' title='bbox 1448 1265 1567 1321; x_wconf 81' lang='lat' dir='ltr'>ini-</span> 
     </span>
     <span class='ocr_line' id='line_1_14' title="bbox 194 1340 1572 1423; baseline 0.001 -23"><span class='ocrx_word' id='word_1_82' title='bbox 194 1343 386 1401; x_wconf 73' lang='lat' dir='ltr'>micus</span> <span class='ocrx_word' id='word_1_83' title='bbox 417 1343 738 1400; x_wconf 84' lang='lat' dir='ltr'>amicorum</span> <span class='ocrx_word' id='word_1_84' title='bbox 779 1340 1010 1401; x_wconf 81' lang='lat' dir='ltr'>suorum</span> <span class='ocrx_word' id='word_1_85' title='bbox 1036 1385 1057 1414; x_wconf 90' lang='lat'>‚</span> <span class='ocrx_word' id='word_1_86' title='bbox 1091 1345 1195 1423; x_wconf 79' lang='lat' dir='ltr'>qui</span> <span class='ocrx_word' id='word_1_87' title='bbox 1234 1343 1344 1403; x_wconf 81' lang='lat' dir='ltr'>tuis</span> <span class='ocrx_word' id='word_1_88' title='bbox 1376 1345 1572 1401; x_wconf 55' lang='lat' dir='ltr'>maxia</span> 
     </span>
     <span class='ocr_line' id='line_1_15' title="bbox 194 1419 1574 1506; baseline 0.003 -26"><span class='ocrx_word' id='word_1_89' title='bbox 194 1423 306 1481; x_wconf 86' lang='lat' dir='ltr'>mis</span> <span class='ocrx_word' id='word_1_90' title='bbox 342 1419 644 1482; x_wconf 84' lang='lat' dir='ltr'>beneficiis</span> <span class='ocrx_word' id='word_1_91' title='bbox 687 1420 964 1495; x_wconf 77' lang='lat' dir='ltr'>ornatus,</span> <span class='ocrx_word' id='word_1_92' title='bbox 996 1422 1063 1481; x_wconf 73' lang='lat' dir='ltr'>&lt;in</span> <span class='ocrx_word' id='word_1_93' title='bbox 1097 1438 1156 1483; x_wconf 86' lang='lat' dir='ltr'>te</span> <span class='ocrx_word' id='word_1_94' title='bbox 1196 1422 1574 1506; x_wconf 70' lang='lat' dir='ltr'>potissimum·</span> 
     </span>
     <span class='ocr_line' id='line_1_16' title="bbox 191 1499 1572 1576; baseline 0.003 -15"><span class='ocrx_word' id='word_1_95' title='bbox 191 1499 434 1562; x_wconf 68' lang='lat' dir='ltr'>fraEiam</span> <span class='ocrx_word' id='word_1_96' title='bbox 469 1501 628 1561; x_wconf 82' lang='lat' dir='ltr'>illam</span> <span class='ocrx_word' id='word_1_97' title='bbox 653 1545 675 1576; x_wconf 87' lang='lat'>,</span> <span class='ocrx_word' id='word_1_98' title='bbox 724 1503 789 1562; x_wconf 84' lang='lat'>&amp;</span> <span class='ocrx_word' id='word_1_99' title='bbox 839 1501 1193 1563; x_wconf 72' lang='lat' dir='ltr'>debilitatam</span> <span class='ocrx_word' id='word_1_100' title='bbox 1241 1505 1365 1566; x_wconf 81' lang='lat' dir='ltr'>vim</span> <span class='ocrx_word' id='word_1_101' title='bbox 1404 1502 1572 1573; x_wconf 70' lang='lat' dir='ltr'>suam*</span> 
     </span>
     <span class='ocr_line' id='line_1_17' title="bbox 184 1581 1568 1665; baseline -0.001 -20"><span class='ocrx_word' id='word_1_102' title='bbox 184 1582 467 1645; x_wconf 72' lang='lat' dir='ltr'>contulit.</span> <span class='ocrx_word' id='word_1_103' title='bbox 488 1627 506 1656; x_wconf 92' lang='lat'>,</span> <span class='ocrx_word' id='word_1_104' title='bbox 553 1581 803 1642; x_wconf 85' lang='lat' dir='ltr'>nostram</span> <span class='ocrx_word' id='word_1_105' title='bbox 853 1585 1049 1643; x_wconf 86' lang='lat' dir='ltr'>vicem</span> <span class='ocrx_word' id='word_1_106' title='bbox 1101 1584 1251 1643; x_wconf 90' lang='lat' dir='ltr'>ultus</span> <span class='ocrx_word' id='word_1_107' title='bbox 1306 1583 1390 1644; x_wconf 87' lang='lat' dir='ltr'>est</span> <span class='ocrx_word' id='word_1_108' title='bbox 1441 1584 1568 1665; x_wconf 79' lang='lat' dir='ltr'>ipse⁴</span> 
     </span>
     <span class='ocr_line' id='line_1_18' title="bbox 190 1659 1571 1743; baseline -0.002 -16"><span class='ocrx_word' id='word_1_109' title='bbox 190 1662 318 1727; x_wconf 78' lang='lat' dir='ltr'>sese</span> <span class='ocrx_word' id='word_1_110' title='bbox 347 1683 364 1720; x_wconf 77' lang='lat' dir='ltr'><strong><em>z</em></strong></span> <span class='ocrx_word' id='word_1_111' title='bbox 408 1659 489 1722; x_wconf 88' lang='lat' dir='ltr'>est</span> <span class='ocrx_word' id='word_1_112' title='bbox 523 1665 680 1723; x_wconf 87' lang='lat' dir='ltr'>enim</span> <span class='ocrx_word' id='word_1_113' title='bbox 715 1684 785 1723; x_wconf 90' lang='lat' dir='ltr'>ea</span> <span class='ocrx_word' id='word_1_114' title='bbox 821 1676 1061 1724; x_wconf 84' lang='lat' dir='ltr'>conatus</span> <span class='ocrx_word' id='word_1_115' title='bbox 1085 1707 1105 1736; x_wconf 87' lang='lat'>‚</span> <span class='ocrx_word' id='word_1_116' title='bbox 1155 1664 1359 1742; x_wconf 84' lang='lat' dir='ltr'>quibus</span> <span class='ocrx_word' id='word_1_117' title='bbox 1390 1682 1571 1743; x_wconf 87' lang='lat' dir='ltr'>pate-</span> 
     </span>
     <span class='ocr_line' id='line_1_19' title="bbox 187 1739 1567 1826; baseline 0 -22"><span class='ocrx_word' id='word_1_118' title='bbox 187 1742 360 1804; x_wconf 67' lang='lat' dir='ltr'>saetis</span> <span class='ocrx_word' id='word_1_119' title='bbox 401 1787 422 1819; x_wconf 92' lang='lat'>‚</span> <span class='ocrx_word' id='word_1_120' title='bbox 485 1743 700 1803; x_wconf 86' lang='lat' dir='ltr'>nullam</span> <span class='ocrx_word' id='word_1_121' title='bbox 760 1745 867 1804; x_wconf 87' lang='lat' dir='ltr'>sibi</span> <span class='ocrx_word' id='word_1_122' title='bbox 916 1746 986 1802; x_wconf 86' lang='lat' dir='ltr'>in</span> <span class='ocrx_word' id='word_1_123' title='bbox 1040 1739 1332 1826; x_wconf 86' lang='lat' dir='ltr'>posterum</span> <span class='ocrx_word' id='word_1_124' title='bbox 1355 1739 1388 1820; x_wconf 81' lang='lat'>&#39;,</span> <span class='ocrx_word' id='word_1_125' title='bbox 1410 1758 1422 1792; x_wconf 82' lang='lat'>-·</span> <span class='ocrx_word' id='word_1_126' title='bbox 1442 1764 1567 1805; x_wconf 86' lang='lat' dir='ltr'>non</span> 
     </span>
     <span class='ocr_line' id='line_1_20' title="bbox 194 1823 1567 1908; baseline 0.001 -24"><span class='ocrx_word' id='word_1_127' title='bbox 194 1824 388 1886; x_wconf 75' lang='lat' dir='ltr'>modo</span> <span class='ocrx_word' id='word_1_128' title='bbox 433 1823 721 1907; x_wconf 89' lang='lat' dir='ltr'>dignitatis</span> <span class='ocrx_word' id='word_1_129' title='bbox 764 1871 783 1900; x_wconf 88' lang='lat'><strong>,</strong></span> <span class='ocrx_word' id='word_1_130' title='bbox 843 1824 942 1885; x_wconf 92' lang='lat' dir='ltr'>sed</span> <span class='ocrx_word' id='word_1_131' title='bbox 979 1845 1054 1886; x_wconf 87' lang='lat' dir='ltr'>ne</span> <span class='ocrx_word' id='word_1_132' title='bbox 1103 1823 1378 1887; x_wconf 78' lang='lat' dir='ltr'>libertatis</span> <span class='ocrx_word' id='word_1_133' title='bbox 1425 1828 1567 1908; x_wconf 85' lang='lat' dir='ltr'>qui-</span> 
     </span>
     <span class='ocr_line' id='line_1_21' title="bbox 194 1903 1565 1986; baseline 0.001 -21"><span class='ocrx_word' id='word_1_134' title='bbox 194 1907 349 1967; x_wconf 51' lang='lat' dir='ltr'>dem¹</span> <span class='ocrx_word' id='word_1_135' title='bbox 372 1921 598 1986; x_wconf 87' lang='lat' dir='ltr'>partem</span> <span class='ocrx_word' id='word_1_136' title='bbox 632 1906 879 1986; x_wconf 81' lang='lat' dir='ltr'>reliquit.</span> <span class='ocrx_word' id='word_1_137' title='bbox 912 1903 1005 1965; x_wconf 91' lang='lat' dir='ltr'>Te</span> <span class='ocrx_word' id='word_1_138' title='bbox 1040 1923 1235 1967; x_wconf 86' lang='lat' dir='ltr'>autem</span> <span class='ocrx_word' id='word_1_139' title='bbox 1273 1909 1379 1967; x_wconf 85' lang='lat' dir='ltr'>etsi</span> <span class='ocrx_word' id='word_1_140' title='bbox 1401 1908 1565 1967; x_wconf 82' lang='lat' dir='ltr'>mal-</span> 
     </span>
     <span class='ocr_line' id='line_1_22' title="bbox 192 1984 1638 2069; baseline -0.003 -22"><span class='ocrx_word' id='word_1_141' title='bbox 192 1988 318 2047; x_wconf 81' lang='lat' dir='ltr'>lem</span> <span class='ocrx_word' id='word_1_142' title='bbox 358 1986 420 2045; x_wconf 86' lang='lat' dir='ltr'>in</span> <span class='ocrx_word' id='word_1_143' title='bbox 447 1988 603 2045; x_wconf 76' lang='lat' dir='ltr'>-meis</span> <span class='ocrx_word' id='word_1_144' title='bbox 636 1986 804 2046; x_wconf 81' lang='lat' dir='ltr'>rebus</span> <span class='ocrx_word' id='word_1_145' title='bbox 847 1984 959 2049; x_wconf 78' lang='lat' dir='ltr'>ess’e</span> <span class='ocrx_word' id='word_1_146' title='bbox 999 2004 1304 2067; x_wconf 83' lang='lat' dir='ltr'>expertum</span> <span class='ocrx_word' id='word_1_147' title='bbox 1325 2031 1345 2060; x_wconf 90' lang='lat'>‚</span> <span class='ocrx_word' id='word_1_148' title='bbox 1387 1987 1568 2069; x_wconf 64' lang='lat' dir='ltr'>quam</span> <span class='ocrx_word' id='word_1_149' title='bbox 1631 2035 1638 2042; x_wconf 82' lang='grc'><em>.</em></span> 
     </span>
     <span class='ocr_line' id='line_1_23' title="bbox 191 2065 1570 2149; baseline 0 -20"><span class='ocrx_word' id='word_1_150' title='bbox 191 2070 379 2129; x_wconf 76' lang='lat' dir='ltr'>etiam</span> <span class='ocrx_word' id='word_1_151' title='bbox 412 2066 476 2124; x_wconf 85' lang='lat' dir='ltr'>in</span> <span class='ocrx_word' id='word_1_152' title='bbox 505 2067 614 2125; x_wconf 84' lang='lat' dir='ltr'>tuis</span> <span class='ocrx_word' id='word_1_153' title='bbox 633 2110 654 2141; x_wconf 93' lang='lat'>‚</span> <span class='ocrx_word' id='word_1_154' title='bbox 687 2083 881 2130; x_wconf 86' lang='lat' dir='ltr'>tamen</span> <span class='ocrx_word' id='word_1_155' title='bbox 911 2069 972 2125; x_wconf 84' lang='lat' dir='ltr'>in</span> <span class='ocrx_word' id='word_1_156' title='bbox 1002 2065 1262 2127; x_wconf 87' lang='lat' dir='ltr'>molestia</span> <span class='ocrx_word' id='word_1_157' title='bbox 1296 2068 1524 2149; x_wconf 86' lang='lat' dir='ltr'>gaudeo</span> <span class='ocrx_word' id='word_1_158' title='bbox 1545 2112 1570 2144; x_wconf 81' lang='grc'><strong><em>,</em></strong></span> 
     </span>
     <span class='ocr_line' id='line_1_24' title="bbox 191 2143 1566 2228; baseline -0.001 -18"><span class='ocrx_word' id='word_1_159' title='bbox 191 2169 333 2210; x_wconf 83' lang='lat' dir='ltr'>eam</span> <span class='ocrx_word' id='word_1_160' title='bbox 374 2144 564 2206; x_wconf 78' lang='lat' dir='ltr'>fidem</span> <span class='ocrx_word' id='word_1_161' title='bbox 602 2143 881 2228; x_wconf 74' lang='lat' dir='ltr'>cognosse</span> <span class='ocrx_word' id='word_1_162' title='bbox 937 2145 1241 2208; x_wconf 82' lang='lat' dir='ltr'>hominum</span> <span class='ocrx_word' id='word_1_163' title='bbox 1302 2169 1426 2208; x_wconf 84' lang='lat' dir='ltr'>non</span> <span class='ocrx_word' id='word_1_164' title='bbox 1485 2152 1566 2209; x_wconf 87' lang='lat' dir='ltr'>ita</span> 
     </span>
     <span class='ocr_line' id='line_1_25' title="bbox 192 2226 1568 2311; baseline 0 -22"><span class='ocrx_word' id='word_1_165' title='bbox 192 2227 417 2311; x_wconf 64' lang='lat' dir='ltr'>magna</span> <span class='ocrx_word' id='word_1_166' title='bbox 442 2226 759 2301; x_wconf 78' lang='lat' dir='ltr'>mercede,</span> <span class='ocrx_word' id='word_1_167' title='bbox 798 2226 975 2308; x_wconf 71' lang='lat' dir='ltr'>quarn</span> <span class='ocrx_word' id='word_1_168' title='bbox 1013 2248 1128 2309; x_wconf 86' lang='lat' dir='ltr'>ego</span> <span class='ocrx_word' id='word_1_169' title='bbox 1160 2230 1414 2291; x_wconf 83' lang='lat' dir='ltr'>maximo</span> <span class='ocrx_word' id='word_1_170' title='bbox 1449 2229 1568 2289; x_wconf 93' lang='lat' dir='ltr'>do-</span> 
     </span>
     <span class='ocr_line' id='line_1_26' title="bbox 193 2306 1574 2390; baseline -0.001 -19"><span class='ocrx_word' id='word_1_171' title='bbox 193 2311 345 2371; x_wconf 51' lang='lat' dir='ltr'>lore¹</span> <span class='ocrx_word' id='word_1_172' title='bbox 365 2309 699 2390; x_wconf 73' lang='lat' dir='ltr'>cognoram.</span> <span class='ocrx_word' id='word_1_173' title='bbox 720 2335 723 2340; x_wconf 42' lang='lat'>¹</span> <span class='ocrx_word' id='word_1_174' title='bbox 741 2306 842 2368; x_wconf 89' lang='lat' dir='ltr'>De</span> <span class='ocrx_word' id='word_1_175' title='bbox 881 2328 995 2388; x_wconf 86' lang='lat' dir='ltr'>qua</span> <span class='ocrx_word' id='word_1_176' title='bbox 1034 2310 1256 2368; x_wconf 87' lang='lat' dir='ltr'>ratione</span> <span class='ocrx_word' id='word_1_177' title='bbox 1287 2309 1411 2368; x_wconf 72' lang='lat' dir='ltr'>&#39;tota</span> <span class='ocrx_word' id='word_1_178' title='bbox 1443 2306 1574 2386; x_wconf 50' lang='lat' dir='ltr'>jam*</span> 
     </span>
     <span class='ocr_line' id='line_1_27' title="bbox 191 2387 1566 2469; baseline -0.001 -17"><span class='ocrx_word' id='word_1_179' title='bbox 191 2390 437 2452; x_wconf 76' lang='lat' dir='ltr'>videtur</span> <span class='ocrx_word' id='word_1_180' title='bbox 476 2388 619 2448; x_wconf 73' lang='lat' dir='ltr'>mihi</span> <span class='ocrx_word' id='word_1_181' title='bbox 659 2387 994 2469; x_wconf 84' lang='lat' dir='ltr'>exponendi</span> <span class='ocrx_word' id='word_1_182' title='bbox 1037 2405 1270 2468; x_wconf 75' lang='lat' dir='ltr'>tempus</span> <span class='ocrx_word' id='word_1_183' title='bbox 1306 2388 1463 2463; x_wconf 81' lang='lat' dir='ltr'>dari,</span> <span class='ocrx_word' id='word_1_184' title='bbox 1500 2408 1566 2451; x_wconf 79' lang='lat' dir='ltr'>ut</span> 
     </span>
     <span class='ocr_line' id='line_1_28' title="bbox 192 2468 1566 2550; baseline -0.003 -17"><span class='ocrx_word' id='word_1_185' title='bbox 192 2471 301 2533; x_wconf 78' lang='lat' dir='ltr'>tibi</span> <span class='ocrx_word' id='word_1_186' title='bbox 339 2468 647 2531; x_wconf 84' lang='lat' dir='ltr'>rescribam</span> <span class='ocrx_word' id='word_1_187' title='bbox 694 2469 768 2529; x_wconf 90' lang='lat' dir='ltr'>ad</span> <span class='ocrx_word' id='word_1_188' title='bbox 803 2489 913 2543; x_wconf 88' lang='lat' dir='ltr'>ea,</span> <span class='ocrx_word' id='word_1_189' title='bbox 959 2488 1089 2550; x_wconf 73' lang='lat' dir='ltr'>quae</span> <span class='ocrx_word' id='word_1_190' title='bbox 1126 2471 1349 2550; x_wconf 85' lang='lat' dir='ltr'>quaeris.</span> <span class='ocrx_word' id='word_1_191' title='bbox 1405 2468 1566 2532; x_wconf 89' lang='lat' dir='ltr'>Cer-</span> 
     </span>
    </p>
   </div>
   <div class='ocr_carea' id='block_1_3' title="bbox 193 2548 1669 2626">
    <p class='ocr_par' dir='ltr' id='par_1_3' title="bbox 193 2548 1669 2626">
     <span class='ocr_line' id='line_1_29' title="bbox 193 2548 1669 2626; baseline -0.003 -13"><span class='ocrx_word' id='word_1_192' title='bbox 193 2555 412 2614; x_wconf 86' lang='lat' dir='ltr'>tiorem</span> <span class='ocrx_word' id='word_1_193' title='bbox 448 2566 507 2610; x_wconf 90' lang='lat' dir='ltr'>te</span> <span class='ocrx_word' id='word_1_194' title='bbox 628 2570 656 2608; x_wconf 89' lang='lat' dir='ltr'>r</span> <span class='ocrx_word' id='word_1_195' title='bbox 691 2549 909 2609; x_wconf 85' lang='lat' dir='ltr'>litteras</span> <span class='ocrx_word' id='word_1_196' title='bbox 940 2549 1135 2610; x_wconf 87' lang='lat' dir='ltr'>scribis</span> <span class='ocrx_word' id='word_1_197' title='bbox 1169 2548 1279 2611; x_wconf 88' lang='lat' dir='ltr'>esse</span> <span class='ocrx_word' id='word_1_198' title='bbox 1317 2549 1526 2610; x_wconf 64' lang='lat' dir='ltr'>faEium</span> <span class='ocrx_word' id='word_1_199' title='bbox 1548 2594 1568 2624; x_wconf 96' lang='lat'>,</span> <span class='ocrx_word' id='word_1_200' title='bbox 1664 2618 1669 2626; x_wconf 32' lang='grc' dir='ltr'>Ι</span> 
     </span>
    </p>
   </div>
   <div class='ocr_carea' id='block_1_4' title="bbox 193 2627 1570 2950">
    <p class='ocr_par' dir='ltr' id='par_1_4' title="bbox 197 2627 1569 2792">
     <span class='ocr_line' id='line_1_30' title="bbox 197 2627 1566 2711; baseline -0.005 -17"><span class='ocrx_word' id='word_1_201' title='bbox 197 2653 295 2694; x_wconf 87' lang='lat' dir='ltr'>me</span> <span class='ocrx_word' id='word_1_202' title='bbox 341 2639 487 2692; x_wconf 80' lang='lat' dir='ltr'>cum·</span> <span class='ocrx_word' id='word_1_203' title='bbox 584 2627 754 2690; x_wconf 77' lang='lat' dir='ltr'>aesare</span> <span class='ocrx_word' id='word_1_204' title='bbox 778 2675 798 2704; x_wconf 88' lang='lat'>‚</span> <span class='ocrx_word' id='word_1_205' title='bbox 844 2630 907 2688; x_wconf 74' lang='grc' dir='ltr'>δι</span> <span class='ocrx_word' id='word_1_206' title='bbox 948 2649 1084 2689; x_wconf 84' lang='lat' dir='ltr'>cum</span> <span class='ocrx_word' id='word_1_207' title='bbox 1126 2628 1328 2711; x_wconf 86' lang='lat' dir='ltr'>Appio</span> <span class='ocrx_word' id='word_1_208' title='bbox 1360 2627 1470 2697; x_wconf 86' lang='lat' dir='ltr'>esse</span> <span class='ocrx_word' id='word_1_209' title='bbox 1504 2631 1566 2704; x_wconf 79' lang='lat' dir='ltr'>in</span> 
     </span>
     <span class='ocr_line' id='line_1_31' title="bbox 237 2709 1569 2792; baseline -0.005 -19"><span class='ocrx_word' id='word_1_210' title='bbox 237 2714 380 2773; x_wconf 72' lang='lat' dir='ltr'>rat-ia</span> <span class='ocrx_word' id='word_1_211' title='bbox 418 2732 440 2785; x_wconf 84' lang='lat'>3</span> <span class='ocrx_word' id='word_1_212' title='bbox 492 2728 667 2791; x_wconf 88' lang='lat' dir='ltr'>teque</span> <span class='ocrx_word' id='word_1_213' title='bbox 722 2711 953 2769; x_wconf 79' lang='lat' dir='ltr'>id·non</span> <span class='ocrx_word' id='word_1_214' title='bbox 989 2710 1415 2792; x_wconf 85' lang='lat' dir='ltr'>reprehendere</span> <span class='ocrx_word' id='word_1_215' title='bbox 1458 2709 1569 2768; x_wconf 92' lang='lat' dir='ltr'>ad-</span> 
     </span>
    </p>

    <p class='ocr_par' dir='ltr' id='par_1_5' title="bbox 193 2735 1570 2950">
     <span class='ocr_line' id='line_1_32' title="bbox 193 2735 1570 2859; baseline -0.004 -3"><span class='ocrx_word' id='word_1_216' title='bbox 193 2735 412 2859; x_wconf 51' lang='lat' dir='ltr'>{tibia</span> <span class='ocrx_word' id='word_1_217' title='bbox 484 2790 795 2852; x_wconf 87' lang='lat' dir='ltr'>Vatinium</span> <span class='ocrx_word' id='word_1_218' title='bbox 849 2808 1044 2858; x_wconf 82' lang='lat' dir='ltr'>autem</span> <span class='ocrx_word' id='word_1_219' title='bbox 1103 2788 1242 2853; x_wconf 86' lang='lat' dir='ltr'>scire</span> <span class='ocrx_word' id='word_1_220' title='bbox 1303 2808 1361 2851; x_wconf 89' lang='lat' dir='ltr'>te</span> <span class='ocrx_word' id='word_1_221' title='bbox 1412 2790 1570 2855; x_wconf 74' lang='lat' dir='ltr'>velle</span> 
     </span>
     <span class='ocr_line' id='line_1_33' title="bbox 272 2868 1342 2950; baseline -0.003 -13"><span class='ocrx_word' id='word_1_222' title='bbox 272 2881 485 2950; x_wconf 62' lang='lat' dir='ltr'><em>romu-5</em></span> <span class='ocrx_word' id='word_1_223' title='bbox 523 2872 639 2936; x_wconf 74' lang='lat' dir='ltr'>XI·</span> <span class='ocrx_word' id='word_1_224' title='bbox 1294 2868 1342 2934; x_wconf 82' lang='grc' dir='ltr'>Β</span> 
     </span>
    </p>
   </div>
  </div>
 </body>
</html>
