2007 3620
459 348 610 441 438
758 323 1501 418 Eprsrozanvjct

455 460 959 537 reconciliaremque
1003 474 1084 512 me
1119 452 1332 530 Lepido
1356 493 1379 522 ‚-
1401 451 1677 527 fidemque
1716 448 1827 505 lta-

460 543 631 601 berem
657 584 681 612 ,
717 539 926 599 orabat.
979 537 1113 594 Non
1154 533 1313 591 licuit
1347 532 1562 588 diutius
1588 529 1727 587 bene
1766 530 1830 585 de

459 644 524 681 eo
557 622 800 701 sperare.
858 616 1017 675 Illud
1065 612 1199 673 certe
1237 612 1365 669 cavi
1394 653 1414 682 ‚
1453 612 1530 672 ’δ’
1567 609 1780 668 cavebo
1810 652 1830 679 ‚

458 724 527 761 ne
569 703 688 760 med
726 700 1045 757 credulitate
1097 692 1406 773 respublica
1441 689 1667 768 summa
1699 686 1834 768 fiil-

460 782 634 841 latur.
749 800 876 838 uum
912 822 932 852 ‚
982 778 1043 834 in
1094 774 1252 853 Isara
1294 773 1527 851 flumine
1577 792 1698 830 uno
1750 771 1835 828 die

402 866 411 872 “
456 878 622 941 ponte
665 784 839 940 effe-80
861 902 885 928 ,
927 857 1218 915 exercitum
1267 847 1624 928 tradaxzffim
1661 895 1685 925 ‚
1735 871 1837 930 pro

461 941 832 1021 magnitudine
873 939 952 996 rei
994 936 1316 995 celeritatem
1352 931 1655 1003 adhibens,
1694 933 1842 1009 quod

455 1024 692 1102 petierat
736 1041 840 1101 per
893 1018 1107 1077 litteras
1162 1017 1224 1095 ip
1249 1037 1273 1072 e
1309 1057 1330 1084 ,
1388 1031 1450 1072 ut
1500 1030 1838 1071 maturarem

463 1103 648 1164 venire
687 1121 716 1174 ,·
755 1098 942 1181 praesto
1002 1097 1133 1156 milei
1212 1096 1295 1154 uit
1321 1095 1503 1173 stator
1541 1091 1665 1171 ejus
1716 1112 1836 1150 cum

461 1183 664 1242 litteris
688 1224 709 1253 ‚
766 1181 983 1258 quibus·
1013 1199 1079 1236 tte
1128 1178 1363 1235 venirem
1404 1169 1775 1233 denuntiabat
1801 1193 1831 1242 ‚-

451 1263 518 1342 se
553 1258 699 1343 poffi
736 1281 834 1342 per
859 1258 921 1339 fi
970 1257 1228 1334 conficere
1268 1256 1538 1335 negotium
1561 1275 1593 1324 ,-
1628 1254 1833 1311 interea

466 1343 547 1400 ad
595 1342 806 1421 Isaram
856 1339 1229 1420 exspeffarem.
1282 1334 1547 1395 Indicabo
1603 1352 1834 1392 temera·-

466 1426 606 1482 rium
641 1442 812 1481 meum
845 1419 1136 1487 consilium
1171 1416 1272 1477 tibi
1296 1437 1315 1476 .·
1357 1415 1729 1474 nihilominus
1759 1415 1833 1473 ire

446 1505 738 1561 decreram
779 1544 800 1574 ,
847 1500 1161 1579 existimans
1211 1511 1329 1555 eum
1377 1494 1598 1573 socium
1645 1494 1837 1574 gloria

465 1583 665 1645 vitare.
707 1579 980 1642 Putabam
1014 1575 1160 1657 poffi
1195 1597 1276 1634 rne
1313 1595 1412 1634 nec
1452 1576 1518 1633 de
1550 1574 1721 1634 laude
1743 1570 1836 1648 je-

454 1658 592 1745 juni
630 1661 864 1722 hominis
897 1657 1136 1718 delibare
1174 1658 1467 1737 quidquam
1492 1698 1516 1725 ,
1554 1655 1612 1714 ἃ
1629 1650 1835 1732 sul-ff

469 1760 652 1804 tamen
728 1742 1006 1823 ropinquis
1044 1738 1183 1796 locis
1203 1780 1225 1807 ,
1265 1750 1328 1795 ut
1344 1779 1367 1805 ,
1412 1736 1466 1792 si
1494 1735 1696 1801 'durius
1724 1734 1832 1790 ali-

447 1826 608 1905 'quid
637 1764 759 1902 effer
781 1868 800 1896 ,
837 1821 1145 1901 fisce-terrere
1181 1818 1417 1877 celeriter
1448 1812 1676 1894 poſjetn.
1710 1815 1825 1893 Ego

469 1925 582 1963 non
622 1905 802 1963 malus
837 1903 992 1961 homo
1030 1899 1131 1957 hoc
1162 1895 1506 1977 suspicabar.
1548 1897 1639 1955 At
1680 1895 1836 1953 Late-

469 1983 644 2043 rensis
670 2026 690 2056 ‚
746 1983 835 2044 vir
864 1980 1244 2057 sanHissimus
1274 2021 1292 2050 ,
1331 1975 1436 2053 fito
1481 1975 1830 2055 chirographo

470 2064 640 2126 mittit
672 2063 806 2121 milti
837 2061 1050 2119 litteras
1071 2103 1092 2129 ,
1138 2059 1198 2117 in
1231 2060 1408 2137 eisque
1444 2053 1739 2136 desperans
1771 2053 1834 2112 de

457 2143 522 2222 se
546 2185 566 2215 ‚
609 2143 675 2200 de
713 2140 952 2199 exercitu
977 2181 998 2212 ,
1044 2140 1111 2208 de
1152 2139 1350 2218 Lepidi
1379 2136 1498 2215 fide
1522 2180 1545 2209 ,
1585 2134 1826 2215 querens-

468 2243 572 2302 que
597 2221 660 2301 se
699 2220 992 2302 destitutum
1018 2238 1037 2277 .·
1072 2221 1131 2278 in
1170 2218 1365 2298 quibus
1400 2217 1589 2298 aperti
1623 2218 1832 2276 denun-

467 2305 575 2364 tiat
595 2347 615 2379 ‚
657 2303 872 2362 videam
910 2321 977 2364 ne
986 2296 1196 2437 ὁ[ιιῖίαν
1213 2321 1243 2370 ;
1273 2298 1436 2378 suam
1474 2298 1648 2376 fidem
1677 2295 1832 2378 fhlu-

467 2391 580 2446 tant
623 2381 721 2462 effi
753 2405 784 2455 ,·
832 2382 981 2462 reipu
1020 2380 1139 2438 licae
1178 2400 1244 2438 ne
1278 2378 1475 2442 desim.
1513 2377 1835 2459 ,Exemplar

468 2462 589 2543 ejus
627 2463 969 2545 chirographi
1014 2462 1159 2519 Titio
1200 2461 1327 2518 misi
1385 2457 1516 2552 Ipsa
1558 2460 1827 2541 chiiogra-

460 2547 580 2627 pha
617 2546 840 2617 omnia,
885 2541 941 2601 e>
977 2540 1175 2619 quibus
1221 2538 1423 2599 credidi
1446 2581 1470 2609 ,
1513 2540 1572 2598 G·
1617 2562 1685 2599 ea
1715 2540 1832 2619 qui-

467 2627 571 2686 bus
616 2626 783 2705 fidem
833 2643 940 2683 non
1000 2621 1301 2681 habendam
1347 2619 1606 2701 putavi,
1669 2623 1832 2681 Loevo

471 2705 654 2787 Cispio
693 2704 834 2765 dabo
866 2700 1186 2783 perferenda
1224 2745 1244 2775 ‚
1300 2702 1395 2782 qui
1441 2701 1702 2761 omnibus
1751 2702 1835 2760 his

465 2784 710 2865 interfuit
769 2786 944 2845 rebus.
1016 2784 1275 2842 Accessit
1337 2781 1396 2839 eo
1435 2825 1455 2855 ‚
1517 2799 1580 2841 ut
1635 2783 1834 2842 milites

408 2890 420 2908 ·
465 2863 585 2944 ejus
603 2909 630 2936 ,
665 2887 827 2945 quum
859 2862 1101 2946 Lepidus
1132 2863 1579 2936 concionaretur,
1605 2861 1833 2946 improbi

218 3195 455 3364 κ
