2007 3620
317 316 457 384 AD
485 309 940 381 FAMmAR.
966 310 1148 377 Lm.
1172 305 1301 380 III.
1381 327 1414 378 1
1437 323 1527 403 15

138 425 400 496 astutum
427 475 445 503 ‚
484 428 551 489 &
586 424 880 487 occultum
912 421 1074 500 juvat
1102 421 1360 505 fingereg
1389 424 1528 503 quid

139 515 272 590 est,
319 510 486 594 quod
526 508 717 568 minhs
759 507 963 565 cadere
1009 508 1066 564 in
1113 502 1396 582 ejusmodi
1434 523 1533 562 na-

134 613 345 656 turam
390 592 575 673 possit
597 632 618 661 ‚
653 587 823 668 quium
862 604 957 646 aut
995 586 1388 645 florentissimi
1426 583 1534 641 ho-

129 680 329 738 minis
373 671 659 753 aspernari
706 667 1180 728 benevolentiam
1205 701 1226 739 ‚
1269 684 1367 725 aut
1405 661 1534 742 eju‘s

139 756 645 819 existimationem
684 767 1023 887 oppugnare
1061 752 1122 807 in
1155 747 1459 827 provincia
1509 790 1529 819 ‚

138 838 321 917 cujus
363 835 596 895 laudem
633 830 795 889 domi
876 828 1209 891 efenderis?
1239 846 1336 888 aut
1363 831 1423 887 in
1458 846 1531 887 ea

139 940 211 984 re
262 920 526 979 animum
574 911 875 971 ostendere
924 912 1221 969 inimicum
1250 954 1270 982 ‚
1315 906 1374 967 in
1414 927 1530 990 qua
1555 961 1578 966 ,.

138 1001 297 1063 nihil
343 993 551 1058 obsis?
591 1009 688 1051 aut
722 991 779 1050 id
819 991 1033 1072 eligere
1071 990 1145 1050 ad
1177 988 1481 1070 perfidiam
1496 1004 1526 1060 ‘,

144 1081 321 1163 quod
360 1078 437 1138 ad
465 1073 838 1137 indicandum
875 1072 1076 1131 odium
1105 1094 1138 1130 a
1182 1072 1527 1132 er‘tissimum

144 1165 222 1223 sit
248 1207 269 1236 ,
307 1160 382 1221 ad
412 1155 744 1218 nocendum
774 1154 1131 1213 levissimum
1209 1151 1374 1228 Quid
1405 1166 1529 1211 erat

145 1262 352 1304 autem
401 1287 421 1317 ‚
489 1259 588 1298 cur
631 1256 746 1317 ego
785 1236 844 1292 in
890 1252 949 1295 te
991 1252 1111 1293 tam
1153 1232 1528 1312 implacabilis

138 1324 334 1385 effem
378 1367 399 1396 ,
459 1335 640 1399 quum
678 1335 735 1376 te
772 1335 849 1374 exv
886 1314 1229 1375 fratremeo
1276 1333 1352 1373 ne
1387 1330 1525 1373 tunc

140 1406 409 1486 quidem·
436 1444 456 1475 ‚
509 1407 689 1481 quum
730 1394 835 1456 tibi
880 1396 1067 1476 prope
1111 1391 1335 1474 necesse
1388 1392 1528 1454 effet

146 1507 256 1547 'eas
310 1502 486 1566 agere
524 1497 760 1560 parte5‚
826 1478 1122 1535 inimicum
1173 1476 1314 1535 mihi
1365 1472 1528 1535 fuiss'e

124 1581 129 1590 ’
154 1561 536 1647 cognossem?
572 1558 781 1637 Quum
813 1560 960 1617 vero
991 1558 1239 1617 reditum
1268 1551 1525 1616 nostrum

144 1649 220 1707 ·in
320 1647 517 1705 ratiam
576 1656 816 1709 uterque
875 1635 1174 1717 expetiffet
1211 1684 1229 1706 ,
1289 1637 1428 1717 quid
1467 1639 1526 1695 in

148 1748 273 1787 con
305 1727 455 1785 ulatu
497 1740 601 1782 tuo
639 1713 834 1779 frustrh
864 1738 1095 1785 mecum
1133 1716 1333 1799 egisti,
1406 1717 1527 1776 uod

150 1831 256 1871 me
316 1826 414 1868 aut
473 1802 666 1862 facere
708 1846 728 1875 ‚
792 1821 885 1860 aut
933 1800 1139 1860 sentire
1199 1738 1466 1860 voluiH'es
1503 1797 1528 1858 ἓ
1610 1793 1620 1807 ’

163 1891 300 1971 quid
354 1886 498 1948 mihi
556 1881 829 1944 mandasti
865 1925 889 1952 ³
941 1899 1120 1962 quum
1164 1899 1224 1941 te
1275 1880 1529 1941 Puteolis
1614 1950 1618 1954 ,

155 1971 543 2053 prosequerer
570 2012 588 2038 ‚
627 1966 685 2023 in
721 1986 836 2046 quo
883 1985 1002 2024 non
1035 1961 1529 2043 exspe&ationem

164 2071 313 2114 mam
383 2047 681 2130 diligentia
730 2044 1201 2106 mec‘i'vicerim‘-?
1251 2045 1439 2123 Quod
1482 2048 1528 2105 si

159 2135 220 2195 id
279 2131 364 2194 est
424 2129 675 2189 maxime
731 2125 944 2202 astuti,
1002 2128 1199 2187 omnia
1240 2127 1312 2186 ad
1365 2126 1527 2187 suam

160 2216 468 2293 utilitatem
499 2209 711 2270 referre
741 2253 759 2282 ‚
795 2209 934 2291 quid
972 2210 1111 2269 mihi
1134 2208 1371 2268 tandem
1405 2223 1529 2268 erat

157 2295 361 2356 ‘utilius
401 2337 421 2366 ‚
482 2291 623 2373 qud
679 2290 1008 2350 commodis
1076 2293 1220 2350 meis
1273 2293 1463 2369 aptius
1504 2333 1526 2363 ‚
1603 2294 1606 2297 ’

160 2376 343 2459 quim
363 2373 632 2432 hominis
676 2372 1018 2431 nobilissimi
1057 2390 1226 2449 atque
1245 2371 1526 2428 ³honora-

159 2459 365 2521 tissimi
395 2450 726 2530 conjunffio
747 2497 766 2525 ‚
801 2449 961 2530 cujus
985 2471 1130 2532 opes
1152 2495 1171 2524 ‚
1196 2451 1530 2534 ingenium,

156 2540 374 2614 liberi,
429 2534 629 2595 affines
660 2578 679 2608 ,
720 2535 1078 2616 propinqui,
1127 2533 1268 2593 mihi
1309 2533 1527 2615 magno

156 2621 257 2682 vel
286 2632 635 2682 ornamento
657 2661 675 2685 ,
703 2616 802 2676 vel
827 2617 1095 2696 praesidio
1123 2613 1236 2677 esse
1263 2611 1533 2696 possent?

158 2702 319 2782 Quae
342 2720 544 2763 tamen
573 2718 689 2780 ego
720 2701 917 2757 omnia
943 2701 1001 2757 in
1032 2697 1358 2779 expetenda
1384 2694 1530 2754 ami·

159 2788 291 2845 titia
329 2804 429 2846 tua
457 2824 476 2853 ,
519 2802 643 2839 non
689 2777 882 2839 astutia
925 2779 1174 2860 quiidam
1204 2823 1223 2852 ‚
1267 2776 1366 2837 sed
1414 2775 1529 2833 ali-

156 2867 270 2947 qu&
306 2868 506 2948 potitis
538 2860 859 2941 sapientiai,
896 2859 1118 2922 secutus
1148 2859 1291 2920 sum.
1324 2855 1533 2936 Quid?
