2007 3620
481 223 629 285 '112
736 211 1564 284 ·EPISTOLARUM

480 324 647 388 stanti
688 349 754 390 ac
794 330 1062 413 singulari
1105 327 1219 389 fide
1243 372 1261 402 ‚
1298 325 1478 406 cujus
1509 332 1600 389 tui
1642 315 1886 390 beneda

479 409 553 467 cii
594 403 716 470 sum
757 430 872 493 ego
917 409 1068 472 testis
1113 454 1132 484 ,
1187 407 1421 490 praestat
1480 412 1595 469 tibi
1646 432 1873 472 memo·

477 488 620 548 riam
650 536 669 564 ‚
702 491 1288 571 benevolentiamque
1327 536 1350 563 ‚
1410 511 1600 570 quam
1656 491 1876 562 debet3

481 573 583 649 qui
633 593 809 652 quum
856 574 1117 631 maximis
1162 571 1334 630 rebus
1392 570 1511 629 suis
1556 570 1794 631 coaklus
1844 592 1876 629 a

480 669 580 710 me
614 653 960 714 invitissimo
1005 649 1373 722 decessiffet‚
1431 669 1648 714 tamen
1691 671 1754 712 ut
1792 652 1878 711 vi-
1961 683 1962 686 ¹

483 729 571 789 dit
617 730 877 792 interesse
928 733 1068 805 tua,
1123 725 1539 792 conscendens
1606 730 1730 808 jam
1775 747 1888 789 na-'

477 830 618 873 vem
651 855 671 884 ‚
722 805 952 893 Epheso
992 811 1339 872 Laodiceam
1388 816 1673 873 revertit.
1718 810 1882 871 Talia-

483 908 548 951 te
605 910 784 971 quum
838 890 1023 953 studia
1070 892 1303 953 videam
1365 893 1722 958 habiturum
1772 890 1884 953 effe«
1963 889 1964 894 '

484 971 926 1034 innumerabilia
959 1020 978 1048 ‚
1040 973 1208 1052 plane
1256 970 1533 1042 dubitare
1584 997 1713 1034 non
1752 970 1878 1054 pos-

485 1048 613 1111 sum
645 1095 665 1126 ,
703 1057 841 1135 quin
881 1056 983 1114 tibi
1027 1053 1344 1133 amplitudo
1391 1053 1503 1114 ista
1549 1054 1877 1115 sollicitudo

486 1130 679 1193 futura
722 1139 812 1196 sit.
871 1132 931 1194 Si
989 1135 1133 1195 verb
1180 1132 1356 1197 efficis
1410 1179 1433 1209 ,
1491 1152 1562 1195 ut
1620 1135 1876 1213 censores
1965 1135 1966 1176 ἶ

468 1231 803 1290 creentur,
860 1213 922 1274 &
964 1218 1013 1277 si
1059 1217 1137 1275 ita
1177 1213 1409 1296 gesseris
1466 1215 1777 1277 censuram
1819 1229 1876 1274 ut

489 1292 560 1355 &
602 1294 780 1357 debes
806 1342 825 1370 ‚
856 1296 920 1355 &
952 1311 1162 1378 potes3
1196 1295 1471 1362 non,tibi
1519 1296 1756 1376 solinu,
1787 1292 1881 1354 sed
1967 1339 1968 1384 ἰ

492 1377 608 1435 tuis
655 1378 922 1437 omnibus
949 1423 967 1451 ,
1003 1377 1183 1437 video
1219 1379 1278 1434 in
1316 1394 1688 1456 perpetuum
1731 1375 1874 1436 sum·
1967 1395 1968 1440 l

495 1475 598 1515 mo
640 1473 697 1518 te
742 1457 1008 1538 praesidio
1049 1455 1322 1515 futurum.
1363 1453 1531 1518 Illud
1577 1479 1778 1541 pugna
1818 1455 1876 1515 &

496 1538 716 1595 enitere
743 1582 764 1611 ‚
817 1557 889 1597 ne
933 1536 1070 1616 quid
1109 1536 1276 1595 nobis
1317 1541 1621 1632 temporis
1669 1558 1870 1620 proro-

500 1633 668 1702 getur
702 1637 722 1691 3
771 1636 833 1677 ut
865 1638 1046 1699 quum
1085 1617 1176 1675 hic
1219 1618 1323 1677 tibi
1370 1616 1825 1679 satisfecerimus
1852 1657 1874 1687 ,

498 1694 621 1756 istic
651 1718 886 1781 quoque
921 1697 1168 1759 nostram
1202 1700 1262 1758 in
1301 1715 1359 1757 te
1392 1698 1874 1761 benevolentiam

499 1799 715 1840 navare
750 1781 1056 1860 possimus.
1079 1778 1236 1859 Quae
1266 1778 1338 1839 de
1367 1778 1688 1841 hominum
1713 1793 1876 1860 atque

501 1859 773 1919 ordinum
826 1863 1089 1921 omnium
1133 1880 1271 1941 erga
1320 1876 1379 1919 te
1435 1859 1644 1923 studiis
1691 1859 1878 1921 scribis

502 1939 583 1998 ad
628 1960 721 2001 me
748 1985 766 2011 ,
807 1943 1043 2001 minime
1085 1941 1227 1999 mihi
1266 1942 1531 2001 miranda
1570 1988 1592 2016 ‚
1648 1943 1715 2002 &
1751 1960 1872 1999 ma-

505 2020 661 2079 xime
701 2019 953 2099 jucunda
994 2022 1324 2083 acciderunt
1358 2065 1377 2093 ,
1424 2024 1759 2104 eademque
1808 2015 1873 2079 ad

509 2120 607 2160 me
666 2101 973 2182 perscripta
1026 2101 1149 2163 sunt
1199 2126 1240 2163 a
1285 2101 1669 2163 familiaribus
1722 2100 1872 2162 meis.

502 2177 713 2263 'Itaque
751 2186 918 2264 capio
953 2203 1221 2266 magnam
1258 2181 1672 2263 voluptatem,
1708 2197 1905 2263 quum·

451 2324 454 2327 ,
510 2263 615 2322 tibi
639 2309 658 2337 ,
699 2261 858 2343 cujus
897 2265 1037 2323 mihi
1078 2265 1324 2323 amicitia
1363 2285 1483 2324 non
1525 2265 1717 2325 soliun
1758 2281 1872 2321 am·

513 2344 615 2425 pla
644 2388 663 2418 ‚
716 2343 814 2405 sed
853 2348 1027 2405 etiam
1074 2343 1323 2424 iucunda
1366 2343 1447 2404 est
1473 2391 1494 2418 ,
1548 2366 1620 2405 ea
1660 2344 1872 2411 tribui,

515 2444 647 2503 quae
684 2426 1033 2500 debeantur3
1057 2444 1178 2486 tum
1202 2426 1346 2484 verb
1376 2445 1681 2486 remanere
1712 2425 1875 2485 etiarn

515 2524 669 2564 nunc
707 2508 766 2564 in
810 2509 1040 2566 civitate
1074 2504 1260 2566 nostra
1299 2502 1478 2565 studia
1515 2507 1707 2586 prope
1744 2521 1873 2562 om-

519 2586 680 2645 nium
731 2585 1005 2645 consensu
1052 2607 1188 2668 erga
1234 2584 1414 2646 fortes
1467 2587 1531 2646 &
1582 2582 1875 2646 industrios

517 2667 717 2738 'viros;
757 2687 885 2746 quae
917 2666 1057 2726 mihi
1099 2669 1209 2746 ipsi
1245 2687 1358 2725 una
1405 2666 1636 2747 semper
1677 2665 1876 2726 tributa

516 2765 739 2810 merces
771 2745 850 2809 est
874 2747 1138 2811 laborum
1165 2748 1229 2813 ὃ(
1255 2748 1577 2831 vigiliarum
1600 2760 1892 2813 mearum.-¹
